% Encoding: UTF-8

@InBook{Cohn1996,
  author     = {Cohn, Anthony and Gotts, M},
  booktitle  = {Geographic Objects with Indeterminate Boundaries},
  date       = {1996},
  title      = {The 'egg-yolk' representation of regions with indeterminate boundaries},
  chapter    = {1},
  editor     = {Burrough, Peter and Frank, Andrew},
  language   = {english},
  pages      = {3--28},
  crossref   = {Burrough1996},
  groups     = {Modéles vagues},
  keywords   = {printed, read},
  owner      = {mattia},
  printed    = {printed},
  readstatus = {read},
  timestamp  = {2018-09-20},
}

@InBook{Aiello2007a,
  author    = {Aiello, Marco and Pratt-Hartmann, Ian and Van Benthem, Johan},
  booktitle = {Handbook of Spatial Logics},
  date      = {2007},
  title     = {What is Spatial Logic},
  chapter   = {1},
  doi       = {10.1007/978-1-4020-5587-4},
  editor    = {Aiello, Marco and Partt-Hartmann, Ian and Van Benthem, Johan},
  language  = {english},
  pages     = {1--11},
  publisher = {Springer},
  keywords  = {printed},
  owner     = {mattia},
  printed   = {printed},
  timestamp = {2018-09-26},
}

@Article{Alker2000,
  Title                    = {The Definition of Brownfield},
  Author                   = {Alker, Sandra and Joy, Victoria and Roberts, Peter and Smith, Nathan},
  Date                     = {2000-01},
  Journaltitle             = {Journal of Environmental Planning and Management},
  Doi                      = {10.1080/09640560010766},
  Language                 = {english},
  Number                   = {1},
  Pages                    = {49--69},
  Volume                   = {43},

  File                     = {:Alker2000.pdf:PDF},
  Groups                   = {Modéles vagues},
  Owner                    = {mattia},
  Publisher                = {Informa UK Limited},
  Timestamp                = {2018-01-25}
}

@Article{Arabacioglu2010,
  Title                    = {Using fuzzy inference system for architectural space analysis},
  Author                   = {Arabacioglu, Burcin Cem},
  Date                     = {2010-06},
  Journaltitle             = {Applied Soft Computing},
  Doi                      = {10.1016/j.asoc.2009.10.011},
  Language                 = {english},
  Number                   = {3},
  Pages                    = {926--937},
  Volume                   = {10},

  File                     = {:Arabacioglu2010.pdf:PDF},
  Groups                   = {Modéles vagues, Pixels},
  Keywords                 = {logique floue},
  Owner                    = {mattia},
  Publisher                = {Elsevier BV},
  Timestamp                = {2018-04-20}
}

@Incollection{Aurnague1993,
  Title                    = {A three-level approch to the semantics of space},
  Author                   = {Aurnague, Michel and Vieu, Laure},
  Booktitle                = {The Semantics of Prepositions},
  Date                     = {1993},
  Editor                   = {Zelinsky-Wibbelt, Cornelia},
  Booksubtitle             = {From Mental Processing to Natural Language Processing},
  Language                 = {english},
  Location                 = {Berlin},
  Publisher                = {de de Gruyter, Walter},

  Keywords                 = {logique floue},
  Owner                    = {mattia},
  Timestamp                = {2018-01-23}
}

@Inproceedings{Bard2003,
  Title                    = {Gestion des connaissances imprécises pour évaluer la généralisation cartographique},
  Author                   = {Bard, Sylvain and Bouchon-Meunier, Bernadette and Ruas, Anne and Detyniecki, Marcin},
  Booktitle                = {Rencontres francophones sur la logique floue et ses applications},
  Date                     = {2003},
  Editor                   = {Frélicot, Carl},
  Eventdate                = {2003-11-26},
  Eventtitle               = {Rencontres francophones sur la logique floue et ses applications},
  ISBN                     = {2854286243},
  Language                 = {french},
  Location                 = {Tours},
  Pages                    = {89--96},
  Venue                    = {Tours},

  File                     = {:Bard2003.pdf:PDF},
  Groups                   = {Modéles vagues, Attributs},
  Keywords                 = {evaluation, généralisation cartographique, imprécisions des connaissances, read, relevant},
  Owner                    = {mattia},
  Timestamp                = {2017-10-05}
}

@Article{Bateman2010a,
  Title                    = {Language and Space: a two-level semantic approach based on principles of ontological engineering},
  Author                   = {Bateman, John},
  Date                     = {2010-03},
  Journaltitle             = {International Journal of Speech Technology},
  Doi                      = {10.1007/s10772-010-9069-x},
  Language                 = {english},
  Number                   = {1},
  Pages                    = {29--48},
  Volume                   = {13},

  File                     = {:D\:/Users/mbunel/Downloads/bateman2010.pdf:PDF},
  Owner                    = {mattia},
  Publisher                = {Springer Nature},
  Timestamp                = {2018-01-23}
}

@Article{Bateman2007,
  Title                    = {Ontological Modularity and Spatial Diversity},
  Author                   = {Bateman, John and Borgo, Stefano and Lüttich, Klaus and Masolo, Claudio and Mossakowski, Till},
  Date                     = {2007-05},
  Journaltitle             = {Spatial Cognition \& Computation},
  Doi                      = {10.1080/13875860701337991},
  Language                 = {english},
  Number                   = {1},
  Pages                    = {97--128},
  Volume                   = {7},

  File                     = {:Bateman2007.pdf:PDF},
  Owner                    = {mattia},
  Publisher                = {Informa UK Limited},
  Timestamp                = {2018-01-23}
}

@Article{Bateman2010,
  Title                    = {A linguistic ontology of space for natural language processing},
  Author                   = {Bateman, John and Hois, Joana and Ross, Robert and Tenbrink, Thora},
  Date                     = {2010},
  Journaltitle             = {Artificial Intelligence},
  Doi                      = {10.1016/j.artint.2010.05.008},
  Language                 = {english},
  Number                   = {14},
  Pages                    = {1027--1071},
  Volume                   = {174},

  File                     = {:Bateman2010.pdf:PDF},
  Keywords                 = {prio1},
  Owner                    = {mattia},
  Publisher                = {Elsevier BV},
  Timestamp                = {2018-01-23}
}

@Incollection{Batton-Hubert2019,
  Title                    = {Formalisms and Representations of Imperfect Geographic Objects},
  Author                   = {Batton-Hubert, Mireille and Pinet, François},
  Booktitle                = {Geographic Data Imperfection 1: From Theory to Applications},
  Date                     = {2019},
  Editor                   = {Batton-Hubert, Mireille and Desjardin, Éric and Pinet, François},
  Year                     = {2019},
  Chapter                  = {5},
  Doi                      = {10.1002/9781119507284.ch5},
  Language                 = {english},
  Origlanguage             = {french},
  Pages                    = {73--105},
  Publisher                = {Wiley},
  Url                      = {https://onlinelibrary.wiley.com/doi/10.1002/9781119507284.ch5},

  Owner                    = {mattia},
  Timestamp                = {2019-09-23}
}

@Phdthesis{Bejaoui2009a,
  Title                    = {Qualitative topological relationships for objects with possibly vague shapes: implications on the specification of topological integrity constraints in transactional spatial databases and in spatial data warehouses},
  Author                   = {Bejaoui, Lotfi},
  Date                     = {2009},
  Institution              = {Université Blaise Pascal, Université Laval},
  Language                 = {english},
  Pagetotal                = {150},
  Type                     = {phdthesis},

  File                     = {:Bejaoui2009a.pdf:PDF},
  Groups                   = {Modéles vagues, Cecile},
  Keywords                 = {logique floue, prio1},
  Owner                    = {mattia},
  Timestamp                = {2017-10-25}
}

@Article{Bejaoui2009,
  Title                    = {Qualified topological relations between spatial objects with possible vague shape},
  Author                   = {Bejaoui, Lotfi and Pinet, François and Bedard, Yvan. and Schneider, Michel},
  Date                     = {2009-07},
  Journaltitle             = {International Journal of Geographical Information Science},
  Doi                      = {10.1080/13658810802022814},
  Language                 = {english},
  Number                   = {7},
  Pages                    = {877--921},
  Volume                   = {23},

  File                     = {:Bejaoui2009.pdf:PDF},
  Groups                   = {Modéles vagues, Cecile},
  Keywords                 = {logique floue, prio1, printed},
  Owner                    = {mattia},
  Publisher                = {Informa UK Limited},
  Timestamp                = {2017-10-10}
}

@Article{Bennett2001,
  Title                    = {What is a Forest? On the Vagueness of Certain Geographic Concepts},
  Author                   = {Bennett, Brandon},
  Date                     = {2001},
  Journaltitle             = {Topoi},
  Doi                      = {10.1023/a:1017965025666},
  Language                 = {english},
  Number                   = {2},
  Pages                    = {189--201},
  Volume                   = {20},

  File                     = {:Bennett2001.pdf:PDF},
  Groups                   = {Modéles vagues},
  Owner                    = {mattia},
  Publisher                = {Springer Nature},
  Timestamp                = {2018-01-23}
}

@Article{Berli2018,
  Title                    = {{Sea-Land Interdependence in the Global Maritime Network: the Case of Australian Port Cities}},
  Author                   = {Berli, Justin and Bunel, Mattia and Ducruet, C{\'e}sar},
  Date                     = {2018},
  Journaltitle             = {Networks and Spatial Economics},
  Year                     = {2018},
  Doi                      = {10.1007/s11067-018-9403-4},
  Month                    = Jun,
  Url                      = {https://hal.archives-ouvertes.fr/hal-01806692},

  Hal_id                   = {hal-01806692},
  Hal_version              = {v1},
  Journal                  = {{Networks and Spatial Economics}},
  Keywords                 = {Port cities ; Multiplex graph ; Accessibility ; Australia ; Centrality ; Complex networks ; Intermodalism ; Maritime transport ; Shipping flows ; ACL ; PARIS team},
  Owner                    = {mattia},
  Pdf                      = {https://hal.archives-ouvertes.fr/hal-01806692/file/NaSE_Berli_Bunel_Ducruet_draft.pdf},
  Publisher                = {{Springer Verlag}},
  Timestamp                = {2020-03-12}
}

@Book{Bezdek1981,
  Title                    = {Pattern Recognition with Fuzzy Objective Function Algorithms},
  Author                   = {Bezdek, James C.},
  Date                     = {1981},
  Year                     = {1981},
  Doi                      = {10.1007/978-1-4757-0450-1},
  ISBN                     = {978-1-4757-0452-5},
  Language                 = {english},
  Location                 = {Boston},
  Pagetotal                = {266},
  Publisher                = {Springer},

  File                     = {:Bezdek1981.pdf:PDF},
  Groups                   = {Modéles vagues},
  Keywords                 = {logique floue, algorithms, cluster analysis, clustering function, pattern, pattern recognition},
  Owner                    = {mattia},
  Timestamp                = {2017-10-09}
}

@Incollection{Bierwisch1996,
  Title                    = {How Much Space Gets into Language ?},
  Author                   = {Bierwisch, Manfred},
  Booktitle                = {Language and Space},
  Date                     = {1996},
  Editor                   = {Bloom, Paul ang Garrett, Merrill and Nadel, Lynn and Peterson, Mary},
  Chapter                  = {2},
  Language                 = {english},
  Pages                    = {31--76},

  Owner                    = {mattia},
  Timestamp                = {2018-01-24}
}

@Article{Blakemore1984,
  author        = {Blakemore, Michael},
  date          = {1984},
  journaltitle  = {Cartographica: The International Journal for Geographic Information and Geovisualization},
  title         = {Generalisation and error in spatial data bases},
  issuesubtitle = {Part 4: Mathematical, algorithmic and data structure issues:},
  language      = {english},
  number        = {2-3},
  pages         = {131--139},
  volume        = {21},
  file          = {:Blakemore1984.pdf:PDF},
  groups        = {Modèles incertains, [mattia:]},
  owner         = {mattia},
  publisher     = {University of Toronto Press},
  timestamp     = {2018-08-27},
}

@Book{Borillo1998,
  Title                    = {L’espace et son expression en français},
  Author                   = {Borillo, Andrée},
  Date                     = {1998},
  Language                 = {french},
  Location                 = {Paris},
  Publisher                = {Ophrys},

  Keywords                 = {Prédicats, biblioUniq},
  Owner                    = {mattia},
  Timestamp                = {2017-10-02}
}

@Book{Bouchon-Meunier1995,
  Title                    = {La logique floue et ses applications},
  Author                   = {Bouchon-Meunier, Bernadette},
  Date                     = {1995},
  ISBN                     = {978-2-87908-073-4},
  Language                 = {french},
  Location                 = {Paris},
  Publisher                = {Addison-Wesley France},

  Groups                   = {Modéles vagues, Typologies imperfection},
  Keywords                 = {logique floue, prio1, biblioUniq},
  Owner                    = {mattia},
  Timestamp                = {2017-10-19}
}

@Book{Bouchon-Meunier2007,
  Title                    = {La logique floue},
  Author                   = {Bouchon-Meunier, Bernadette},
  Date                     = {2007},
  Language                 = {french},
  Location                 = {Paris},
  Number                   = {2702},
  Publisher                = {Presses universitaires de France},
  Series                   = {Que sais-je ?},

  Booktitle                = {Que sais-je?},
  Groups                   = {Modéles vagues, Cecile, Typologies imperfection},
  Keywords                 = {logique floue, prio1, biblioUniq},
  Owner                    = {mattia},
  Timestamp                = {2017-10-19}
}

@Article{Bouchon-Meunier1996,
  Title                    = {Towards general measures of comparison of objects},
  Author                   = {Bouchon-Meunier, Bernadette and Rifqi, Maria and Bothorel, Sylvie},
  Date                     = {1996},
  Journaltitle             = {Fuzzy Sets and Systems},
  Language                 = {english},
  Number                   = {2},
  Pages                    = {143--153},
  Url                      = {https://hal.inria.fr/hal-01072162},
  Volume                   = {84},

  File                     = {:Bouchon-Meunier1996.pdf:PDF;FSS96.pdf:https\://hal.inria.fr/hal-01072162/file/FSS96.pdf:PDF},
  Hal_id                   = {hal-01072162},
  Hal_version              = {v1},
  Keywords                 = {logique floue, rank3},
  Owner                    = {mattia},
  Publisher                = {Elsevier},
  Timestamp                = {2017-10-13}
}

@Incollection{Bowerman1996,
  Title                    = {Learning How to Structure Space for Language: A Crosslinguistic Perspective},
  Author                   = {Bowerman, Melissa},
  Booktitle                = {Language and Space},
  Date                     = {1996},
  Editor                   = {Bloom, Paul ang Garrett, Merrill and Nadel, Lynn and Peterson, Mary},
  Chapter                  = {10},
  Language                 = {english},
  Pages                    = {385--436},

  Owner                    = {mattia},
  Timestamp                = {2018-01-24}
}

@Article{Brandtberg2002,
  Title                    = {Individual tree-based species classification in high spatial resolution aerial images of forests using fuzzy sets},
  Author                   = {Brandtberg, Tomas},
  Date                     = {2002},
  Journaltitle             = {Fuzzy Sets and Systems},
  Doi                      = {10.1016/s0165-0114(02)00049-0},
  Language                 = {english},
  Number                   = {3},
  Pages                    = {371--387},
  Volume                   = {132},

  File                     = {:Brandtberg2002.pdf:PDF},
  Groups                   = {Modéles vagues, Pixels},
  Keywords                 = {logique floue, skimmed, prio2},
  Owner                    = {mattia},
  Publisher                = {Elsevier},
  Timestamp                = {2017-10-03}
}

@Article{Brennetot2014,
  Title                    = {Découper la France en régions},
  Author                   = {Brennetot, Arnaud and de Ruffray, Sophie},
  Date                     = {2014},
  Journaltitle             = {Cybergeo: European Journal of Geography},

  Owner                    = {mattia},
  Timestamp                = {2019-01-08}
}

@Article{Brennetot2014a,
  Title                    = {La Région: une notion ambigüe saisie à travers le cas normand},
  Author                   = {Brennetot, Arnaud and de Ruffray, Sophie},
  Date                     = {2014},
  Journaltitle             = {L'Espace Politique},
  Doi                      = {10.4000/espacepolitique.3150},

  Owner                    = {mattia},
  Timestamp                = {2019-01-08}
}

@Article{Brosset2008,
  Title                    = {Wayfinding in natural and urban environments: a comparative study},
  Author                   = {Brosset, David and Claramunt, Christophe and Saux, Eric},
  Date                     = {2008},
  Journaltitle             = {Cartographica: The International Journal for Geographic Information and Geovisualization},
  Language                 = {english},
  Number                   = {1},
  Pages                    = {21--30},
  Volume                   = {43},

  File                     = {:Brosset2008.pdf:PDF},
  Owner                    = {mattia},
  Publisher                = {International Cartographic Association/Association Cartographique internationale},
  Timestamp                = {2017-10-25}
}

@Book{Brunet2001,
  Title                    = {Le déchiffrement du monde},
  Author                   = {Brunet, Roger},
  Date                     = {2001},
  Year                     = {2001},
  ISBN                     = {2701129567},
  Publisher                = {Belin},

  Owner                    = {mattia},
  Timestamp                = {2019.08.26}
}

@Book{Brunet1992,
  Title                    = {Les mots de la géographie, dictionnaire critique},
  Author                   = {Brunet, Roger and Ferra, Robert and Théry, Hervé},
  Date                     = {1992},
  Language                 = {french},
  Location                 = {Montpellier},
  Publisher                = {GIP RECLUS/La Documentation française},

  Owner                    = {mattia},
  Timestamp                = {2018-06-14}
}

@Article{Brunet1997,
  Title                    = {La discontinuité en géographie : origines et problèmes de recherche [Entretien de Claude Graslan et Jean-Christophe François]},
  Author                   = {Brunet, Roger and François, Jean-Christophe and Grasland, Claude},
  Date                     = {1997},
  Journaltitle             = {L'espace géographique},
  Doi                      = {10.3406/spgeo.1997.1096},
  Language                 = {french},
  Number                   = {4},
  Pages                    = {297--308},
  Volume                   = {26},

  File                     = {:Brunet1997.pdf:PDF},
  Owner                    = {mattia},
  Publisher                = {PERSEE Program},
  Timestamp                = {2017-11-07}
}

@Article{Buckles1982,
  Title                    = {A fuzzy representation of data for relational databases},
  Author                   = {Buckles, Billy and Petry, Frederick},
  Date                     = {1982-05},
  Journaltitle             = {Fuzzy Sets and Systems},
  Doi                      = {10.1016/0165-0114(82)90052-5},
  Language                 = {english},
  Number                   = {3},
  Pages                    = {213--226},
  Volume                   = {7},

  File                     = {:Buckles1982.pdf:PDF},
  Groups                   = {Modéles vagues},
  Keywords                 = {logique floue},
  Owner                    = {mattia},
  Publisher                = {Elsevier BV},
  Timestamp                = {2017-11-20}
}

@Misc{Bunel2019b,
  Title                    = {{Mod{\'e}lisation et raisonnement spatial flou pour l'aide {\`a} la localisation de victimes en montagne}},
  Author                   = {Bunel, Mattia},
  Year                     = {2019},
  HowPublished             = {{Journ{\'e}e de la recherche IGN 2019}},
  Month                    = Apr,
  Note                     = {Poster},
  Url                      = {https://hal.archives-ouvertes.fr/hal-02354536},

  Hal_id                   = {hal-02354536},
  Hal_version              = {v1},
  Owner                    = {mattia},
  Pdf                      = {https://hal.archives-ouvertes.fr/hal-02354536/file/Poster.pdf},
  Timestamp                = {2020-03-12}
}

@Inbook{Bunel2017,
  Title                    = {Geovisualisation of Vessel Movement Data. Application to Sail and Stream Shipping Flows},
  Author                   = {Bunel, Mattia and Bahoken, Françoise and Ducruet, César and Lagesse, Claire and Marnot, Bruno and Mermet, Eric and Petit, Séléna},
  Booktitle                = {Advances in Shipping Data Analysis and Modeling},
  Date                     = {2017},
  Booksubtitle             = {Tracking and Mapping Maritime Flow in the Age of Big Data},
  Chapter                  = {12},
  Edition                  = {1},
  Editor                   = {Ducruet, César},
  Language                 = {english},
  Location                 = {London},
  Pages                    = {189--205},
  Publisher                = {Routledge},

  Owner                    = {mattia},
  Timestamp                = {2017-10-05}
}

@InCollection{Bunel2018,
  author      = {Bunel, Mattia and Bahoken, Françoise and Ducruet, César and Lagesse, Claire and Marnot, Bruno and Mermet, Éric and Petit, Séléna},
  booktitle   = {{Advances in Shipping Data Analysis and Modeling}},
  title       = {{Geovisualizing the sail-to-steam transition through vessel movement data}},
  editor      = {Ducruet C.},
  publisher   = {{Routledge}},
  series      = {Routledge Studies in Transport Analysis},
  url         = {https://hal.archives-ouvertes.fr/hal-01616317},
  hal_id      = {hal-01616317},
  hal_version = {v1},
  keywords    = {Graph analysis ; Shipping flows ; Visualisation ; COUV ; Vessel ; PARIS team},
  owner       = {mattia},
  timestamp   = {2020-03-12},
  year        = {2018},
}

@Incollection{Bunel2017a,
  Title                    = {{Geovisualizing the sail-tosteam transition through vessel movement data}},
  Author                   = {Bunel, Mattia and Bahoken, F. and Ducruet, C{\'e}sar and Lagesse, Claire and Marnot, Bruno and Mermet, Eric and Petit, S{\'e}l{\'e}na},
  Booktitle                = {{Advances in Shipping Data Analysis and Modeling. Tracking and Mapping Maritime Flows in the Age of Big Data}},
  Date                     = {2017},
  Editor                   = {Ducruet, C{\'e}sar},
  Year                     = {2017},
  Pages                    = {189-205},
  Publisher                = {{Routledge}},
  Series                   = {Routledge Studies in Transport Analysis},
  Url                      = {https://hal.archives-ouvertes.fr/hal-01623631},

  Hal_id                   = {hal-01623631},
  Hal_version              = {v1},
  Keywords                 = {PARIS team ; COUV},
  Owner                    = {mattia},
  Timestamp                = {2020-03-12}
}

@Inproceedings{Bunel2019,
  Title                    = {{An approach for identifying and analysing reference features and spatial relations used in mountain emergency calls}},
  Author                   = {Bunel, Mattia and Duch{\^e}ne, C{\'e}cile and Olteanu-Raimond, Ana-Maria and Villanova-Oliver, Marl{\`e}ne and Bonhoure, Gr{\'e}goire and Jouan, Tiphaine},
  Booktitle                = {{International Cartographic Conference}},
  Date                     = {2019},
  Year                     = {2019},
  Doi                      = {10.5194/ica-proc-2-12-2019},
  Month                    = Jul,
  Pages                    = {1-8},
  Series                   = {Proceedings of International Cartographic Conference},
  Url                      = {https://hal.archives-ouvertes.fr/hal-02187587},
  Volume                   = {2},

  Address                  = {Tokyo, Japan},
  Hal_id                   = {hal-02187587},
  Hal_version              = {v1},
  Keywords                 = {indirect spatial referencing ; spatial knowledge representation ; spatial relation ; reference features ; sketch map ; mountain rescue},
  Owner                    = {mattia},
  Pdf                      = {https://hal.archives-ouvertes.fr/hal-02187587/file/ica-proc-2-12-2019.pdf},
  Timestamp                = {2020-03-12}
}

@Inproceedings{Bunel2017b,
  Title                    = {{The contribution of geomatics to the maritime networks studies : from conception to developmentof a geoportal}},
  Author                   = {Bunel, Mattia and Ducruet, C{\'e}sar},
  Booktitle                = {{Journ{\'e}es du GIS d'Histoire \& Sciences de la mer}},
  Year                     = {2017},
  Month                    = Mar,
  Organization             = {{Marzagalli, Silvia}},
  Url                      = {https://hal.archives-ouvertes.fr/hal-01616491},

  Address                  = {Nice, France},
  Hal_id                   = {hal-01616491},
  Hal_version              = {v1},
  Keywords                 = {geovisualisation ; Flux maritimes ; PARIS team ; CONV},
  Owner                    = {mattia},
  Timestamp                = {2020-03-12}
}

@Inproceedings{Bunel2017c,
  Title                    = {{Geo-visualizing global maritime flows over long time: preliminary results from the Geoseastems portal}},
  Author                   = {Bunel, Mattia and Ducruet, C{\'e}sar},
  Booktitle                = {{Ateliers Mondis-Geovisu}},
  Year                     = {2017},
  Month                    = Mar,
  Url                      = {https://hal.archives-ouvertes.fr/hal-01616498},

  Address                  = {Toulouse, France},
  Hal_id                   = {hal-01616498},
  Hal_version              = {v1},
  Keywords                 = {G{\'e}ovisualisation ; Flux maritimes ; PARIS team ; COM},
  Owner                    = {mattia},
  Timestamp                = {2020-03-12}
}

@Misc{Bunel2016,
  author       = {Bunel, Mattia and DUCRUET, C{\'e}sar and Lagesse, Claire and Mermet, Eric and Petit, S{\'e}l{\'e}na},
  editor       = {Karine Emsellem and Didier Josselin and Diego Moreno Sierra and Christine Voiron},
  title        = {{Visualization and spatio-temporal analysis of maritime trajectories}},
  howpublished = {{SAGEO 2016}},
  note         = {Poster},
  organization = {{Karine Emsellem and Didier Josselin and Diego Moreno Sierra and Christine Voiron}},
  url          = {https://hal.archives-ouvertes.fr/hal-01614362},
  hal_id       = {hal-01614362},
  hal_version  = {v1},
  keywords     = {Visualisation ; Flux maritimes},
  month        = Dec,
  owner        = {mattia},
  pages        = {591},
  pdf          = {https://hal.archives-ouvertes.fr/hal-01614362/file/posterworldseastems.pdf},
  series       = {Actes de la conf{\'e}rence SAGEO'2016 - Spatial Analysis and GEOmatics},
  timestamp    = {2020-03-12},
  year         = {2016},
}

@Article{Bunel2019a,
  Title                    = {{Objets et relations spatiales composites et prise en compte du vague pour interpr{\'e}ter un r{\'e}f{\'e}rencement spatial indirect}},
  Author                   = {Bunel, Mattia and Olteanu-Raimond, Ana-Maria and Duch{\^e}ne, C{\'e}cile},
  Date                     = {2019},
  Journaltitle             = {{Revue Internationale de G{\'e}omatique}},
  Year                     = {2019},
  Doi                      = {10.3166/rig.2019.00075},
  Language                 = {english},
  Month                    = Jan,
  Number                   = {1},
  Pages                    = {81-106},
  Url                      = {https://hal.archives-ouvertes.fr/hal-02434596},
  Volume                   = {29},

  Hal_id                   = {hal-02434596},
  Hal_version              = {v1},
  Journal                  = {{Revue Internationale de G{\'e}omatique}},
  Keywords                 = {mountain rescue ; extended spatial relation ; ague spatial objects ; Indirect spatial referential ; fuzzy logic ; R{\'e}f{\'e}rentiel spatial indirect ; objets spatiaux vagues ; secours en montagne ; logique floue ; relation spatiale {\'e}tendue},
  Owner                    = {mattia},
  Pdf                      = {https://hal.archives-ouvertes.fr/hal-02434596/file/RIGV6.pdf},
  Publisher                = {{Lavoisier}},
  Timestamp                = {2020-03-12}
}

@Inproceedings{Bunel2018a,
  Title                    = {{R{\'e}f{\'e}rencement spatial indirect: mod{\'e}lisation {\`a} base de relations et d'objets spatiaux vagues}},
  Author                   = {Bunel, Mattia and Olteanu-Raimond, Ana-Maria and Duch{\^e}ne, C{\'e}cile},
  Booktitle                = {{Sageo 2018}},
  Year                     = {2018},
  Month                    = Nov,
  Url                      = {https://hal.archives-ouvertes.fr/hal-02354491},

  Address                  = {Montpellier, France},
  Hal_id                   = {hal-02354491},
  Hal_version              = {v1},
  Keywords                 = {Indirect spatial referential ; fuzzy logic ; vague spatial objects ; extended spatial relation ; mountain rescue ; secours en montagne ; R{\'e}f{\'e}rentiel spatial indirect ; logique floue ; objets spatiaux vagues ; relation spatiale {\'e}tendue},
  Owner                    = {mattia},
  Pdf                      = {https://hal.archives-ouvertes.fr/hal-02354491/file/Sageo_2018_2.pdf},
  Timestamp                = {2020-03-12}
}

@Misc{Bunel2018b,
  Title                    = {{Modeling and Fuzzy Spatial Reasoning for location of victims in mountains areas}},
  Author                   = {Bunel, Mattia and Olteanu-Raimond, Ana-Maria and Duch{\^e}ne, C{\'e}cile},
  Year                     = {2018},
  HowPublished             = {{Journ{\'e}e de la recherche IGN 2018}},
  Month                    = Mar,
  Note                     = {Poster},
  Url                      = {https://hal.archives-ouvertes.fr/hal-01806891},

  Hal_id                   = {hal-01806891},
  Hal_version              = {v1},
  Owner                    = {mattia},
  Pdf                      = {https://hal.archives-ouvertes.fr/hal-01806891/file/Poster_Bunel_et_al.pdf},
  Timestamp                = {2020-03-12}
}

@Inbook{Burrough1996a,
  Title                    = {Natural Objects with Indeterminate Boundaries},
  Author                   = {Burrough, Peter},
  Booktitle                = {Geographic Objects with Indeterminate Boundaries},
  Date                     = {1996},
  Chapter                  = {1},
  Editor                   = {Burrough, Peter and Frank, Andrew},
  Language                 = {english},
  Pages                    = {3--28},
  Publisher                = {Taylor},

  Owner                    = {mattia},
  Timestamp                = {2018-08-22}
}

@Incollection{Burrough1996b,
  Title                    = {Practical Consequences of Distinguishing Crisp Geographic Objects},
  Author                   = {Burrough, Peter and Couclelis, Helen},
  Booktitle                = {Geographics Objects with Indeterminate Boundaries},
  Date                     = {1996},
  Editor                   = {Burrough, Peter},
  Year                     = {1996},
  Pages                    = {335--337},
  Part                     = {7},
  Publisher                = {Taylor and Francis},

  Owner                    = {mattia},
  Timestamp                = {2019-09-10}
}

@Book{Burrough1996,
  Title                    = {Geographic Objects with Indeterminate Boundaries},
  Author                   = {Burrough, Peter and Frank, Andrew},
  Date                     = {1996},
  Year                     = {1996},
  Editor                   = {Burrough, Peter and Frank, Andrew},
  ISBN                     = {0748403876},
  Language                 = {english},
  Pagetotal                = {345},
  Publisher                = {CRC PR INC},
  Url                      = {https://documentation.ensg.eu/index.php?lvl=notice_display&id=44424},

  Ean                      = {9780748403875},
  Keywords                 = {prio1, relevant},
  Owner                    = {mattia},
  Timestamp                = {2017-11-06}
}

@Incollection{Campari1996,
  Title                    = {Uncertain Boundaries in Urban Space},
  Author                   = {Campari, Irene},
  Booktitle                = {Geographic Objects with Indeterminate Boundaries},
  Date                     = {1996},
  Editor                   = {Burrough, Peter},
  Year                     = {1996},
  Chapter                  = {4},
  Pages                    = {57--69},
  Publisher                = {Taylor and Francis},

  Owner                    = {mattia},
  Timestamp                = {2019-09-10}
}

@Article{Carlson2005,
  Title                    = {How far is near ? Inferring distance from spatial descriptions},
  Author                   = {Carlson, Laura and Covey, Eric},
  Date                     = {2005-10},
  Journaltitle             = {Language and Cognitive Processes},
  Doi                      = {10.1080/01690960400023501},
  Language                 = {english},
  Number                   = {5},
  Pages                    = {617--631},
  Volume                   = {20},

  File                     = {:Carlson2005.pdf:PDF},
  Owner                    = {mattia},
  Publisher                = {Informa UK Limited},
  Timestamp                = {2018-01-23}
}

@Article{Carlson2004,
  Title                    = {The space in spatial language},
  Author                   = {Carlson, Laura and Van Deman, Shannon},
  Date                     = {2004-10},
  Journaltitle             = {Journal of Memory and Language},
  Doi                      = {10.1016/j.jml.2004.06.004},
  Language                 = {english},
  Number                   = {3},
  Pages                    = {418--436},
  Volume                   = {51},

  File                     = {:Carlson2004.pdf:PDF},
  Owner                    = {mattia},
  Publisher                = {Elsevier BV},
  Timestamp                = {2018-01-23}
}

@Article{Carniel2016,
  Title                    = {Handling Fuzzy Points and Fuzzy Lines using the FuzzyGeometry Abstract Data Type},
  Author                   = {Carniel, Anderson Chaves and Ciferru, Ricardo Rodrigues and de Aguiar Ciferri, Cristina Dutra},
  Date                     = {2016},
  Journaltitle             = {Journal of Information and Data Management},
  Language                 = {english},
  Number                   = {1},
  Pages                    = {33--51},
  Volume                   = {7},

  File                     = {:Carniel2016.pdf:PDF},
  Groups                   = {Modéles vagues},
  Keywords                 = {Implémentation},
  Owner                    = {mattia},
  Timestamp                = {2017-11-20}
}

@Article{Carrol1995,
  Title                    = {What the Tortoise Said to Achilles},
  Author                   = {Carrol, Lewis},
  Year                     = {1995},
  Doi                      = {10.1093/mind/104.416.691},
  Language                 = {english},
  Number                   = {416},
  Pages                    = {691--693},
  Volume                   = {104},

  Comment                  = {Un dialogue écrit par lewis Carrol, exposant un paradoxe lié au modus ponens https://fr.wikipedia.org/wiki/What_the_Tortoise_Said_to_Achilles},
  File                     = {:Carrol1995.pdf:PDF},
  Journal                  = {Mind},
  Keywords                 = {skimmed},
  Owner                    = {mattia},
  Publisher                = {Oxford University Press (OUP)},
  Timestamp                = {2017-10-18}
}

@Article{Chaudhry2008,
  Title                    = {Creating Mountains out of Mole Hills: Automatic Identification of Hills and Ranges Using Morphometric Analysis},
  Author                   = {Chaudhry, Omair and Mackaness, William},
  Date                     = {2008-09},
  Journaltitle             = {Transactions in GIS},
  Doi                      = {10.1111/j.1467-9671.2008.01116.x},
  Language                 = {english},
  Number                   = {5},
  Pages                    = {567--589},
  Volume                   = {12},

  File                     = {:Chaudhry2008.pdf:PDF},
  Groups                   = {Modéles vagues},
  Owner                    = {mattia},
  Publisher                = {Wiley},
  Timestamp                = {2018-06-07}
}

@Inproceedings{Chen1996,
  Title                    = {Spatial relations between uncertain sets},
  Author                   = {Chen, Xiaoyong and Doihara, Takeshi and Nasu, Mitsuru},
  Booktitle                = {International archives of Photogrammetry and remote sensing},
  Date                     = {1996},
  Eventdate                = {1996},
  Eventtitle               = {XVIII ISPRS Congress},
  Language                 = {english},
  Location                 = {Vienna},
  Venue                    = {Vienna},
  Volume                   = {31},

  File                     = {:Chen1996.pdf:PDF},
  Groups                   = {Modéles vagues, Cecile},
  Keywords                 = {logique floue},
  Owner                    = {mattia},
  Timestamp                = {2017-10-25}
}

@Incollection{Cheylan1993,
  Title                    = {Towards a conceptual data model for the analysis of spatio-temporal processes: the example of the search for optimal grazing strategies},
  Author                   = {Jean-Paul Cheylan and Sylvie Lardon},
  Booktitle                = {Lecture Notes in Computer Science},
  Date                     = {1993},
  Doi                      = {10.1007/3-540-57207-4_11},
  Language                 = {english},
  Pages                    = {158--176},
  Publisher                = {Springer Berlin Heidelberg},

  File                     = {:Cheylan1993.pdf:PDF},
  Owner                    = {mattia},
  Timestamp                = {2018-06-22}
}

@Book{Clark2008,
  Title                    = {Applying Fuzzy Mathematics to Formal Models in Comparative Politics},
  Author                   = {Clark, Terry D. and Larson, Jennifer M. and Mordeson, John N. and Potter, Joshua D. and Wierman, Mark J.},
  Date                     = {2008},
  Doi                      = {10.1007/978-3-540-77461-7},
  ISBN                     = {978-3-540-77460-0},
  Language                 = {english},
  Location                 = {Berlin},
  Pagetotal                = {216},
  Publisher                = {Springer Berlin Heidelberg},

  File                     = {:Clark2008.pdf:PDF},
  Groups                   = {Modéles vagues},
  Keywords                 = {logique floue, prio2},
  Owner                    = {mattia},
  Timestamp                = {2017-10-09}
}

@Inbook{Clementini2008,
  Title                    = {Objects with Broad Boundaries},
  Author                   = {Clementini, Eliseo},
  Booktitle                = {Encyclopedia of GIS},
  Date                     = {2008},
  Year                     = {2008},
  Editor                   = {Shekhar, Shashi and Xiong, Hui},
  Foreword                 = {Berry, Brian and Goodchild, Michel},
  ISBN                     = {9780387308586},
  Language                 = {english},
  Location                 = {New York},
  Origlanguage             = {english},
  Pages                    = {793--798},
  Publisher                = {Springer},
  Volumes                  = {1},

  Groups                   = {Modéles vagues, Cecile},
  Keywords                 = {skimmed},
  Owner                    = {mattia},
  Timestamp                = {2017-11-06}
}

@Article{Clementini2005,
  Title                    = {A model for uncertain lines},
  Author                   = {Clementini, Eliseo},
  Date                     = {2005-08},
  Journaltitle             = {Journal of Visual Languages \& Computing},
  Doi                      = {10.1016/j.jvlc.2004.11.003},
  Language                 = {english},
  Number                   = {4},
  Pages                    = {271--288},
  Volume                   = {16},

  File                     = {:Clementini2005.pdf:PDF},
  Groups                   = {Modéles vagues, Cecile},
  Keywords                 = {SimpleFeaturesExtention},
  Owner                    = {mattia},
  Publisher                = {Elsevier BV},
  Timestamp                = {2018-06-12}
}

@Article{Clementini2013,
  author     = {Eliseo Clementini},
  title      = {Directional relations and frames of reference},
  doi        = {10.1007/s10707-011-0147-2},
  language   = {english},
  number     = {2},
  pages      = {235--255},
  volume     = {17},
  file       = {:Clementini2011.pdf:PDF},
  journal    = {GeoInformatica},
  keywords   = {Objets de référence, prio1, skimmed},
  owner      = {mattia},
  priority   = {prio1},
  publisher  = {Springer Nature},
  readstatus = {skimmed},
  timestamp  = {2017-10-13},
  year       = {2013},
}

@Inbook{Clementini1996,
  Title                    = {An Algebraic model for Spatial Objets with Indeterminate Boundaries},
  Author                   = {Clementini, Eliseo and di Felice, Paolino},
  Booktitle                = {Geographic Objects with Indeterminate Boundaries},
  Date                     = {1996},
  Chapter                  = {11},
  Editor                   = {Burrough, Peter and Frank, Andrew},
  Language                 = {english},
  Location                 = {London},
  Pages                    = {155--169},
  Publisher                = {Taylor},

  File                     = {:Clementini1996.pdf:PDF},
  Groups                   = {Modéles vagues, Cecile},
  Keywords                 = {SimpleFeaturesExtention},
  Owner                    = {mattia},
  Timestamp                = {2018-06-12}
}

@Article{Clementini2001,
  Title                    = {A spatial model for complex objects with a broad boundary supporting queries on uncertain data},
  Author                   = {Eliseo Clementini and Paolino Di Felice},
  Date                     = {2001-06},
  Journaltitle             = {Data \& Knowledge Engineering},
  Doi                      = {10.1016/s0169-023x(01)00010-6},
  Language                 = {english},
  Number                   = {3},
  Pages                    = {285--305},
  Volume                   = {37},

  Groups                   = {Modéles vagues},
  Keywords                 = {SimpleFeaturesExtention},
  Owner                    = {mattia},
  Publisher                = {Elsevier BV},
  Timestamp                = {2018-06-12}
}

@Article{Cohn2001,
  Title                    = {Qualitative spatial representation and reasoning: An overview},
  Author                   = {Cohn, Anthony and Hazarika, Shyamanta},
  Date                     = {2001},
  Journaltitle             = {Fundamenta informaticae},
  Language                 = {english},
  Number                   = {1-2},
  Pages                    = {1--29},
  Volume                   = {46},

  File                     = {:Cohn2001.pdf:PDF},
  Groups                   = {Modéles vagues},
  Keywords                 = {prio1},
  Owner                    = {mattia},
  Timestamp                = {2017-12-21}
}

@Article{Collins2000,
  Title                    = {Unsharpenable Vagueness},
  Author                   = {Collins, John and Varzi, Achille},
  Date                     = {2000},
  Journaltitle             = {Philosophical Topics},
  Year                     = {2000},
  Number                   = {1},
  Pages                    = {1--10},
  Volume                   = {28},

  Owner                    = {mattia},
  Timestamp                = {2019.08.26}
}

@Phdthesis{Corgne2004,
  Title                    = {Modélisation prédictive de l’occupation des sols en contexte agricole intensif : application à la couverture hivernale des sols en Bretagne},
  Author                   = {Corgne, Samuel},
  Date                     = {2004},
  Institution              = {Université de Rennes 2},
  Language                 = {french},
  Pagetotal                = {230},
  Type                     = {phdthesis},
  Url                      = {https://halshs.archives-ouvertes.fr/halshs-00005478},

  File                     = {:Corgne2004.pdf:PDF},
  Owner                    = {mattia},
  Timestamp                = {2017-12-13}
}

@Incollection{Couclelis1996,
  Title                    = {Towards an operational typology of geographic entities with ill-defined boundaries},
  Author                   = {Couclelis, Helen},
  Booktitle                = {Geographic objects with indeterminate boundaries},
  Date                     = {1996},
  Editor                   = {Burrough, Peter and Frank, Andrew},
  Year                     = {1996},
  Chapter                  = {3},
  Pages                    = {45--56},

  Owner                    = {mattia},
  Timestamp                = {2019.08.26}
}

@Inproceedings{Couclelis1992,
  Title                    = {People Manipulate Objects (but Cultivate Fields): Beyond the Raster-Vector Debate in GIS},
  Author                   = {Couclelis, Helen},
  Booktitle                = {Theories and Methods of Spatio-Temporal Reasoning in Geographic Space},
  Date                     = {1992},
  Editor                   = {Frank, Andrew and Campari, Irene and Formentini, Ubaldo},
  Year                     = {1992},
  Chapter                  = {3},
  Doi                      = {10.1007/3-540-55966-3_3},
  Eventdate                = {21--23},
  Language                 = {english},
  Month                    = {september},
  Pages                    = {65--77},
  Publisher                = {Springer},
  Series                   = {Lecture Notes in Computer Science},
  Volume                   = {639},

  Owner                    = {mattia},
  Timestamp                = {2019-09-11}
}

@Inproceedings{Creary1989,
  Title                    = {Reference to locations},
  Author                   = {Creary, Lewis and Gawron, Mark and Nerbonne, John},
  Booktitle                = {Proceedings of the 27th Annual Meeting of the Association for Computational Linguistics},
  Date                     = {1989},
  Eventtitle               = {27th Annual Meeting of the Association for Computational Linguistics},
  Language                 = {english},
  Location                 = {Vancouver},

  File                     = {:Creary1989.pdf:PDF},
  Owner                    = {mattia},
  Timestamp                = {2018-01-23}
}

@Article{Cross2000,
  Title                    = {Fuzzy objects for geographical information systems},
  Author                   = {Cross, Valerie and Firat, Aykut},
  Date                     = {2000-07},
  Journaltitle             = {Fuzzy Sets and Systems},
  Doi                      = {10.1016/s0165-0114(99)00010-x},
  Language                 = {english},
  Number                   = {1},
  Pages                    = {19--36},
  Volume                   = {113},

  File                     = {:Cross2000.pdf:PDF},
  Groups                   = {Modéles vagues},
  Keywords                 = {Implémentation},
  Owner                    = {mattia},
  Publisher                = {Elsevier BV},
  Timestamp                = {2017-11-20}
}

@Article{Denis1997,
  Title                    = {The description of routes: A cognitive approach to the production of spatial discourse},
  Author                   = {Denis, Michel},
  Date                     = {1997},
  Journaltitle             = {Current Psychology of Cognition},
  Language                 = {english},
  Number                   = {16},
  Pages                    = {409--458},
  Volume                   = {4},

  File                     = {:Denis1997.pdf:PDF},
  Owner                    = {mattia},
  Timestamp                = {2018-01-24}
}

@Article{Dethlefs2014,
  Title                    = {Hierarchical reinforcement learning for situated natural language generation},
  Author                   = {Dethlefs, Nina and Cuayáhuitl, Heriberto},
  Date                     = {2014},
  Journaltitle             = {Natural Language Engineering},
  Doi                      = {10.1017/s1351324913000375},
  Language                 = {english},
  Number                   = {3},
  Pages                    = {391--435},
  Volume                   = {21},

  File                     = {:Dethlefs2014.pdf:PDF},
  Owner                    = {mattia},
  Publisher                = {Cambridge University Press (CUP)},
  Timestamp                = {2018-01-23}
}

@Incollection{Devilliers2019,
  Title                    = {Imperfection of Geographic Information: Concepts and Terminologies},
  Author                   = {Devilliers, Rodolphe and Desjardin, Éric and de Runz, Cyril},
  Booktitle                = {Geographic Data Imperfection 1: From Theory to Applications},
  Date                     = {2019},
  Editor                   = {Batton‐Hubert, Mireille and Desjardin, Éric and Pinet, François},
  Year                     = {2019},
  Chapter                  = {2},
  Doi                      = {10.1002/9781119507284.ch2},
  Language                 = {english},
  Origlanguage             = {french},
  Pages                    = {11--24},
  Url                      = {https://onlinelibrary.wiley.com/doi/10.1002/9781119507284.ch2},

  Owner                    = {mattia},
  Timestamp                = {2019-09-23}
}

@Article{Didelon2009,
  Title                    = {Un monde d'iterstices},
  Author                   = {Didelon, Clarisse and de Ruffray, Sophie and Boquet, Mathias and Lambert, Nicolas},
  Date                     = {2009},
  Journaltitle             = {CFC},
  Language                 = {french},
  Pages                    = {71--82},
  Subtitle                 = {Apport de la logique floue pour l’analyse des cartes interprétatives},
  Url                      = {https://neocarto.hypotheses.org/483},
  Urldate                  = {2017-10-06},
  Volume                   = {209},

  File                     = {:Didelon2009.pdf:PDF},
  Groups                   = {Modéles vagues, Définition en intension},
  Keywords                 = {skimmed},
  Owner                    = {mattia},
  Timestamp                = {2017-10-06}
}

@Phdthesis{Dilo2006,
  Title                    = {Representation of and reasoning with vagueness in spatial information: A system for handling vague objects},
  Author                   = {Dilo, Areti},
  Institution              = {Wageningen University},
  Year                     = {2006},
  Language                 = {english},
  Type                     = {phdthesis},

  File                     = {:Dilo2006.pdf:PDF},
  Groups                   = {Modéles vagues},
  Keywords                 = {logique floue, Implémentation},
  Owner                    = {mattia},
  Timestamp                = {2017-10-18}
}

@Incollection{Dilo2007a,
  Title                    = {Storage and Manipulation of Vague Spatial Objects Using Existing GIS Functionality},
  Author                   = {Dilo, Arta and Bos, Pieter and Kraipeerapun, Pawalai and de By, Rolf},
  Booktitle                = {Flexible Databases Supporting Imprecision and Uncertainty},
  Year                     = {2007},
  Doi                      = {10.1007/3-540-33289-8_12},
  Language                 = {english},
  Pages                    = {293--321},
  Publisher                = {Springer Berlin Heidelberg},

  File                     = {:Dilo2007a.pdf:PDF},
  Groups                   = {Modéles vagues},
  Keywords                 = {logique floue, Implémentation, skimmed},
  Owner                    = {mattia},
  Timestamp                = {2017-10-18}
}

@Article{Dilo2007,
  Title                    = {A system of types and operators for handling vague spatial objects},
  Author                   = {Dilo, Arta and de By, Rolf and Stein, Alfred},
  Date                     = {2007-04},
  Journaltitle             = {International Journal of Geographical Information Science},
  Doi                      = {10.1080/13658810601037096},
  Language                 = {english},
  Number                   = {4},
  Pages                    = {397--426},
  Volume                   = {21},

  File                     = {:Dilo2007.pdf:PDF},
  Groups                   = {Modéles vagues},
  Keywords                 = {logique floue, prio1, read, relevant, rank4},
  Owner                    = {mattia},
  Publisher                = {Informa UK Limited},
  Timestamp                = {2017-10-18}
}

@Inproceedings{Dilo2005,
  Title                    = {A Proposal for Spatial Relations Between Vague Objects},
  Author                   = {Dilo, Arta and de By, Rolf and Stein, Alfred},
  Booktitle                = {Proceedings of the International Symposium on Spatial Data Quality ISSDQ},
  Year                     = {2005},
  Eventtitle               = {International Symposium on Spatial Data Quality ISSDQ},
  Language                 = {english},
  Location                 = {Beijing},
  Pages                    = {50--59},
  Url                      = {https://www.researchgate.net/publication/235996110_A_proposal_for_spatial_relations_between_vague_objects},
  Volume                   = {5},

  File                     = {:Dilo2005.pdf:PDF},
  Groups                   = {Modéles vagues, Cecile},
  Keywords                 = {logique floue},
  Owner                    = {mattia},
  Timestamp                = {2017-10-18}
}

@Inproceedings{Dilo2004,
  Title                    = {Storing and Handling Vague Spatial Objects},
  Author                   = {Dilo, Arta and Kraipeerapun, Pawalai and Bakker, Wim and de By, Rolf},
  Booktitle                = {International Workshop on Database and Expert Systems Applications},
  Year                     = {2004},
  Doi                      = {10.1109/DEXA.2004.1333600},
  Eventtitle               = {International Workshop on Database and Expert Systems Applications},
  Language                 = {english},
  Location                 = {Zaragoza},
  Organization             = {IEEE},
  Pages                    = {945--950},
  Url                      = {https://www.researchgate.net/publication/221646447_Storing_and_Handling_Vague_Spatial_Objects},

  File                     = {:Dilo2004.pdf:PDF},
  Groups                   = {Modéles vagues},
  Keywords                 = {logique floue, Implémentation, relevant, read, rank3},
  Owner                    = {mattia},
  Timestamp                = {2017-10-18}
}

@Article{Dilo2004a,
  Title                    = {Definition and implementation of vague objects},
  Author                   = {Dilo, Arta and Stein, Alfred},
  Year                     = {2004},
  Language                 = {english},
  Url                      = {https://www.researchgate.net/publication/2935813_Definition_and_Implementation_of_Vague_Objects},
  Volume                   = {4},

  File                     = {:Dilo2004a.pdf:PDF},
  Groups                   = {Modéles vagues},
  Journal                  = {the Proceeding of the ISSDQ},
  Keywords                 = {logique floue, Implémentation, skimmed, relevant, rank3},
  Owner                    = {mattia},
  Timestamp                = {2017-10-18}
}

@InProceedings{Dittrich2015,
  author     = {Dittrich, André and Vasardani, Maria and Winter, Stephan and Baldwin, Timothy and Liu, Fei},
  booktitle  = {Proceedings of the 6th ACM SIGSPATIAL International Workshop on GeoStreaming},
  date       = {2015},
  title      = {A Classification Schema for Fast Disambiguation of Spatial Prepositions},
  doi        = {10.1145/2833165.2833167},
  editor     = {Banaei--Kashani, Farnoush and Zhang, Chengyang and Hendawi, Abdeltawab},
  eventtitle = {6th ACM SIGSPATIAL International Workshop on GeoStreaming (IWGS15)},
  language   = {english},
  location   = {Bellevue},
  pages      = {78--86},
  publisher  = {ACM Press},
  file       = {:Dittrich2015.pdf:PDF},
  owner      = {mattia},
  timestamp  = {2018-01-23},
}

@Misc{Doignon2014,
  author      = {Doignon, Yoann and Bunel, Mattia},
  title       = {{Convergences spatiales du vieillissement au Maroc}},
  note        = {S{\'e}minaire interdisciplinaire DemoMed : ''Les changements sociod{\'e}mographiques au Maroc''},
  url         = {https://hal.archives-ouvertes.fr/hal-01471126},
  hal_id      = {hal-01471126},
  hal_version = {v1},
  keywords    = {Convergence spatiale ; Vieillissement d{\'e}mographique ; Maroc ; Cha{\^i}ne de Markov},
  month       = Feb,
  owner       = {mattia},
  timestamp   = {2020-03-12},
  year        = {2014},
}

@Article{Du2016,
  Title                    = {Classifying natural-language spatial relation terms with random forest algorithm},
  Author                   = {Du, Shihong and Wang, Xiaonan and Feng, Chen-Chieh and Zhang, Xiuyuan},
  Date                     = {2016-07},
  Journaltitle             = {International Journal of Geographical Information Science},
  Doi                      = {10.1080/13658816.2016.1212356},
  Language                 = {english},
  Number                   = {3},
  Pages                    = {542--568},
  Volume                   = {31},

  File                     = {:Du2016.pdf:PDF},
  Owner                    = {mattia},
  Publisher                = {Informa UK Limited},
  Timestamp                = {2018-01-04}
}

@Article{Dubois1988,
  Title                    = {Weighted fuzzy pattern matching},
  Author                   = {Didier Dubois and Henri Prade and Claudette Testemale},
  Year                     = {1988},
  Doi                      = {10.1016/0165-0114(88)90038-3},
  Language                 = {english},
  Number                   = {3},
  Pages                    = {313--331},
  Volume                   = {28},

  File                     = {:Dubois1988.pdf:PDF},
  Journal                  = {Fuzzy Sets and Systems},
  Keywords                 = {logique floue, prio2},
  Owner                    = {mattia},
  Publisher                = {Elsevier BV},
  Timestamp                = {2017-10-13}
}

@Inbook{Ducruet2017,
  Title                    = {Les ports et le transport maritime},
  Author                   = {Ducruet, César and Bunel, Mattia},
  Booktitle                = {L'Océan à découvert},
  Date                     = {2017-09-28},
  Year                     = {2017},
  Chapter                  = {Usages de l'océan},
  Edition                  = {1},
  Editor                   = {Euzen, Agathe and Gaill, Françoise and Lacroix, Denis and Cury, Philippe},
  Editora                  = {Arnaud-Haond, Sophie and Bacher, Cédric and Bertrand, Jacques and Laurent, Bopp and Boyen, Catherine and Chantal, Cahu and Lapègue, Sylvie and Philippe, C.ury and Declecluse, Pascale and Euzen, Agathe and Fechner, Lise and Gaill, Françoise and Galgani, François and Gattuso, Jean-Pierre and Gourmelon, Françoise and Jeandel, Catherine and Lacroix, Denis and Le Bouedec, Gérard and Lebris, Nadine and Le Traon, Pierre-Yves and Lévy, Marina and Mével, Catherine and Ménard, Frédéric and Perez, Thierry and Rieth, Éric and Samadi, Sarah and Thiébault, Stéphanie and Vincent, Patrick},
  Foreword                 = {Jacq, François and Moatti, Jean-Paul and Thiébault, Stéphanie},
  Introduction             = {Ségura, Serge},
  Language                 = {french},
  Location                 = {Paris},
  Publisher                = {CNRS Editions and AllEnvi},

  Editoratype              = {reviser},
  Owner                    = {mattia},
  Timestamp                = {2017-10-05}
}

@Incollection{Ducruet2017a,
  Title                    = {{Les ports et le transport maritime}},
  Author                   = {Ducruet, C{\'e}sar and Bunel, Mattia},
  Booktitle                = {{L'oc{\'e}an {\`a} d{\'e}couvert}},
  Editor                   = {Euzen A. and Gaill F. and Lacroix D. and Cury Ph.},
  Year                     = {2017},
  Pages                    = {136-137},
  Publisher                = {{CNRS Editions}},
  Url                      = {https://halshs.archives-ouvertes.fr/halshs-01614368},

  Hal_id                   = {halshs-01614368},
  Hal_version              = {v1},
  Keywords                 = {COUV ; PARIS team},
  Month                    = Sep,
  Owner                    = {mattia},
  Pdf                      = {https://halshs.archives-ouvertes.fr/halshs-01614368/file/Ocean2017_draft_Ducruet_Bunel.pdf},
  Timestamp                = {2020-03-12}
}

@Article{Ducruet2017b,
  Title                    = {{GeoSeastems: an innovative tool to map global shipping flows. Application to the Mediterranean region}},
  Author                   = {Ducruet, C{\'e}sar and Bunel, Mattia},
  Year                     = {2017},
  Url                      = {https://hal.archives-ouvertes.fr/hal-01623657},
  Volume                   = {33},

  Hal_id                   = {hal-01623657},
  Hal_version              = {v1},
  Journal                  = {{Portus}},
  Keywords                 = {ACL ; PARIS team},
  Owner                    = {mattia},
  Timestamp                = {2020-03-12}
}

@Article{Dunn1973,
  Title                    = {A Fuzzy Relative of the ISODATA Process and Its Use in Detecting Compact Well-Separated Clusters},
  Author                   = {J. C. Dunn},
  Date                     = {1973-01},
  Journaltitle             = {Journal of Cybernetics},
  Doi                      = {10.1080/01969727308546046},
  Language                 = {english},
  Number                   = {3},
  Pages                    = {32--57},
  Volume                   = {3},

  File                     = {:Dunn1973.pdf:PDF},
  Groups                   = {Modéles vagues},
  Keywords                 = {logique floue, prio2},
  Owner                    = {mattia},
  Publisher                = {Informa UK Limited},
  Timestamp                = {2017-10-09}
}

@Incollection{Duraciova2017,
  Title                    = {Fuzzy Spatio-Temporal Querying the PostgreSQL/PostGIS Database for Multiple Criteria Decision Making},
  Author                   = {Ďuračiová, Renata and Chalachanová, Jana Faixová},
  Booktitle                = {Dynamics in GIscience},
  Editor                   = {Ivan, Igor and Horák, Jiří and Inspektor, Tomáš},
  Year                     = {2017},
  Doi                      = {10.1007/978-3-319-61297-3_7},
  Language                 = {english},
  Location                 = {Berlin},
  Pages                    = {81--97},
  Publisher                = {Springer International Publishing},

  File                     = {:Duraciova2017.pdf:PDF},
  Groups                   = {Modéles vagues, Attributs},
  Keywords                 = {prio1, logique floue, Implémentation, read},
  Owner                    = {mattia},
  Timestamp                = {2017-10-19}
}

@InProceedings{Dutozia2014,
  author     = {Dutozia, Jérôme and Emsellem, Karine and Voiron-Canicio, Christine},
  booktitle  = {Rencontres Francophones sur la Logique Floue et ses Applications},
  date       = {2014},
  title      = {Théorie des ensembles flous et science géographique : trois champs d'application, des pistes de convergence},
  eventdate  = {2014-10},
  eventtitle = {Rencontres Francophones sur la Logique Floue et ses Applications},
  language   = {french},
  location   = {Cargèse},
  pages      = {33--41},
  url        = {https://hal.archives-ouvertes.fr/hal-01306283},
  file       = {:Dutozia2014.pdf:PDF},
  keywords   = {logique floue, skimmed, relevant},
  owner      = {mattia},
  readstatus = {skimmed},
  relevance  = {relevant},
  timestamp  = {2017-10-10},
}

@Inbook{Dutton1992,
  Title                    = {Handling Positional Uncertainty in Spatial Databases},
  Author                   = {Dutton, Geoffrey},
  Booktitle                = {Proceedings 5th International Symposium on Spatial Data Handling},
  Date                     = {1992},
  Language                 = {english},
  Pages                    = {460--469},
  Volume                   = {2},

  Keywords                 = {printed, read},
  Owner                    = {mattia},
  Timestamp                = {2018-09-20}
}

@Article{Dyreson1998,
  Title                    = {Supporting valid-time indeterminacy},
  Author                   = {Curtis Dyreson and Richard Snodgrass},
  Date                     = {1998-03},
  Journaltitle             = {ACM Transactions on Database Systems},
  Doi                      = {10.1145/288086.288087},
  Language                 = {english},
  Number                   = {1},
  Pages                    = {1--57},
  Volume                   = {23},

  File                     = {:Dyreson1998.pdf:PDF},
  Groups                   = {Etats de l'art},
  Keywords                 = {printed},
  Owner                    = {mattia},
  Publisher                = {Association for Computing Machinery (ACM)},
  Timestamp                = {2018-08-24}
}

@Inproceedings{Egenhofer1990,
  Title                    = {A mathematical framework for the definition of topological relations},
  Author                   = {Egenhofer, Max and Herring, John},
  Booktitle                = {Proceedings of the Fourth International Symposium on Spatial Data Handing},
  Date                     = {1990},
  Doi                      = {10.1080/02693799108927841},
  Eventtitle               = {International Symposium on Spatial Data Handing},
  Language                 = {english},
  Location                 = {Zurich},
  Pages                    = {803--813},

  File                     = {:Egenhofer1990.pdf:PDF},
  Groups                   = {Cecile},
  Owner                    = {mattia},
  Timestamp                = {2018-08-17}
}

@Inproceedings{Egenhofer1995,
  Title                    = {Naive Geography},
  Author                   = {Egenhofer, Max and Mark, David},
  Booktitle                = {Spatial Information Theory A Theoretical Basis for GIS},
  Date                     = {1995},
  Doi                      = {10.1007/3-540-60392-1_1},
  Eventtitle               = {International Conference on Spatial Information Theory (COSIT)},
  Language                 = {english},
  Location                 = {Semmering},
  Pages                    = {1--15},
  Publisher                = {Springer Berlin Heidelberg},

  Groups                   = {Modéles vagues},
  Keywords                 = {prio1},
  Owner                    = {mattia},
  Timestamp                = {2018-01-12}
}

@Incollection{Erwig1997,
  Title                    = {Vague regions},
  Author                   = {Erwig, Martin and Schneider, Markus},
  Booktitle                = {Advances in Spatial Databases},
  Date                     = {1997},
  Editor                   = {Günther, Oliver and Schek, Hans-Jörg},
  Doi                      = {10.1007/3-540-63238-7_36},
  Language                 = {english},
  Location                 = {Berlin},
  Pages                    = {298--320},
  Publisher                = {Springer},

  File                     = {:Erwig1997.pdf:PDF},
  Groups                   = {Modéles vagues, Cecile},
  Keywords                 = {SimpleFeaturesExtention, printed},
  Owner                    = {mattia},
  Timestamp                = {2018-06-12}
}

@Incollection{Ester1997,
  Title                    = {Spatial data mining: A database approach},
  Author                   = {Ester, Martin and Kriegel, Hans-Peter and Sander, Jörg},
  Booktitle                = {Advances in Spatial Databases},
  Date                     = {1997},
  Doi                      = {10.1007/3-540-63238-7_24},
  Language                 = {english},
  Pages                    = {47--66},
  Publisher                = {Springer Berlin Heidelberg},

  File                     = {:Ester1997.pdf:PDF},
  Keywords                 = {prio2},
  Owner                    = {mattia},
  Timestamp                = {2017-12-21}
}

@Phdthesis{Etienne2011,
  Title                    = {Motifs spatio-temporels de trajectoires d’objets mobiles, de l’extraction à la détection de comportements inhabituels. Application au trafic maritime.},
  Author                   = {Etienne, Laurent},
  Date                     = {2011},
  Institution              = {Université de Bretagne occidentale},
  Language                 = {french},
  Pagetotal                = {210},
  Type                     = {phdthesis},
  Url                      = {https://tel.archives-ouvertes.fr/tel-00667953/},
  Urldate                  = {2018-01-23},

  File                     = {:Etienne2011.pdf:PDF},
  Keywords                 = {prio2},
  Owner                    = {mattia},
  Timestamp                = {2018-01-23}
}

@Article{Evans2008,
  Title                    = {Mapping vernacular geography: web-based GIS tools for capturing "fuzzy" or "vague" entities},
  Author                   = {Evans, Andrew and Waters, Tim},
  Date                     = {2008},
  Journaltitle             = {International Journal of Technology, Policy and Management},
  Year                     = {2008},
  Number                   = {2},
  Pages                    = {134--150},
  Volume                   = {7},

  Owner                    = {mattia},
  Timestamp                = {2019-09-10}
}

@Article{Finn1993,
  Title                    = {Use of the average mutual information index in evaluating classification error and consistency},
  Author                   = {Finn, John},
  Date                     = {1993-07},
  Journaltitle             = {International journal of geographical information systems},
  Doi                      = {10.1080/02693799308901966},
  Language                 = {english},
  Number                   = {4},
  Pages                    = {349--366},
  Volume                   = {7},

  File                     = {:Finn1993.pdf:PDF},
  Groups                   = {Modèles incertains},
  Owner                    = {mattia},
  Publisher                = {Informa UK Limited},
  Timestamp                = {2018-08-27}
}

@Article{Fischer1998,
  Title                    = {A genetic-algorithms based evolutionary computational neural network for modelling spatial interaction dataNeural network for modelling spatial interaction data},
  Author                   = {Fischer, Manfred and Leung, Yee},
  Date                     = {1998},
  Journaltitle             = {The Annals of Regional Science},
  Doi                      = {10.1007/s001680050082},
  Language                 = {english},
  Number                   = {3},
  Pages                    = {437--458},
  Volume                   = {32},

  File                     = {:Fischer1998.pdf:PDF},
  Owner                    = {mattia},
  Publisher                = {Springer Nature},
  Timestamp                = {2017-12-13}
}

@Article{Fischer2002,
  Title                    = {A Methodology for Neural Spatial Interaction Modeling},
  Author                   = {Fischer, Manfred and Reismann, Martin},
  Date                     = {2002},
  Journaltitle             = {Geographical Analysis},
  Doi                      = {10.1111/j.1538-4632.2002.tb01085.x},
  Language                 = {english},
  Number                   = {3},
  Pages                    = {207--228},
  Volume                   = {34},

  File                     = {:Fischer2002.pdf:PDF},
  Owner                    = {mattia},
  Timestamp                = {2017-12-13}
}

@Article{Fischer2003,
  Title                    = {Neural Network Modeling of Constrained Spatial Interaction Flows: Design, Estimation, and Performance Issues},
  Author                   = {Fischer, Manfred and Reismann, Martin and Hlavackova-Schindler, Katerina},
  Date                     = {2003},
  Journaltitle             = {Journal of Regional Science},
  Doi                      = {10.1111/1467-9787.00288},
  Language                 = {english},
  Number                   = {1},
  Pages                    = {35--61},
  Volume                   = {43},

  File                     = {:Fischer2003.pdf:PDF},
  Owner                    = {mattia},
  Publisher                = {Wiley-Blackwell},
  Timestamp                = {2017-12-13}
}

@Book{Fisher2006a,
  author    = {Fisher, Manfred},
  date      = {2006},
  title     = {Spatial Analysis and GeoComputation},
  doi       = {10.1007/3-540-35730-0},
  isbn      = {978-3-540-35730-8},
  language  = {english},
  publisher = {Springer-Verlag Berlin Heidelberg},
  subtitle  = {Selected Essays},
  abstract  = {Spatial analysis has been in existence for a long time. More recently, GeoComputation - a new computationally intensive paradigm - is changing research practice in spatial analysis. Coupled with improvements in data availability and increases in computer memory and speed, novel perspectives and techniques from the field of computational intelligence give rise to new types of geocomputational concepts, models, and techniques in spatial analysis.

This volume contains selected essays of Manfred M. Fischer in the field of spatial analysis from the perspective of GeoComputation. The volume is structured in four parts. The first sets the context by dealing with broad issues related with spatial analysis and the role of GIS. The second relates to computational intelligence technologies such as neural networks that provide a new style of performing spatial modelling and analysis tasks in geography and other spatial sciences. The third part provides the theoretical framework required and displays the efficient use of various adaptive pattern classifiers in remote sensing environments. The final part outlines the latest, most significant developments in neural spatial interaction modelling.

The book should be read by all who seek to use geocomputational models and techniques for solving real world problems.},
  file      = {:Fisher2006a.pdf:PDF},
  keywords  = {relevant},
  owner     = {mattia},
  relevance = {relevant},
  timestamp = {2017-12-11},
}

@Article{Fisher2003,
  Title                    = {Models of uncertainty in spatial data},
  Author                   = {Fisher, Peter},
  Date                     = {2003},
  Journaltitle             = {Geographical Information system},
  Year                     = {2003},
  Pages                    = {191--203},
  Volume                   = {1},

  Owner                    = {mattia},
  Timestamp                = {2019-09-23}
}

@Incollection{Fisher2006,
  Title                    = {Approaches to Uncertainty in Spatial Data},
  Author                   = {Fisher, Peter and Comber, Alexis and Wadsworth, Richard},
  Booktitle                = {Fundamentals of Spatial Data Quality},
  Editor                   = {Devillers, Rodolphe and Jeansoulin, Robert},
  Year                     = {2006},
  Chapter                  = {3},
  Language                 = {english},
  Pages                    = {43--59},
  Publisher                = {ISTE Ltd},

  File                     = {:Fisher2006.pdf:PDF},
  Groups                   = {Modéles vagues, Typologies imperfection},
  Keywords                 = {logique floue, relevant, prio2},
  Owner                    = {mattia},
  Timestamp                = {2017-10-19}
}

@InCollection{Fisher2005,
  author    = {Fisher, Peter and Comber, Lex and Wadsworth, Richard},
  booktitle = {Qualité de l'information géographique},
  date      = {2005},
  title     = {Nature de l'incertitude pour les données spatiales},
  editor    = {Devillers, Rodolphe and Jeansoulin, Robert},
  part      = {49-64},
  owner     = {mattia},
  timestamp = {2019-09-23},
  year      = {2005},
}

@Article{Fisher1998,
  Title                    = {What is a Mountain? Or the Englishman who went up a Boolean Geographical Concept but Realised it was Fuzzy},
  Author                   = {Fisher, Peter and Wood, Jo},
  Date                     = {1988},
  Journaltitle             = {Geography},
  Year                     = {1998},
  Number                   = {3},
  Volume                   = {83},

  Owner                    = {mattia},
  Timestamp                = {2019.08.26}
}

@Incollection{Follin2019,
  Title                    = {The Origins of Imperfection in Geographic Data},
  Author                   = {Follin, Jean-Michel and Girres, Jean-François and Olteanu-Raimond, Ana-Maria and Sheeren, David},
  Booktitle                = {Geographic Data Imperfection 1: From Theory to Applications},
  Date                     = {2019},
  Editor                   = {Batton‐Hubert, Mireille and Desjardin, Éric and Pinet, François},
  Year                     = {2019},
  Chapter                  = {3},
  Doi                      = {10.1002/9781119507284.ch3},
  Language                 = {english},
  Origlanguage             = {french},
  Url                      = {https://onlinelibrary.wiley.com/doi/10.1002/9781119507284.ch3},

  Owner                    = {mattia},
  Timestamp                = {2019-09-23}
}

@Incollection{Fonte2005,
  Title                    = {Modelling the Fuzzy Spatial Extent of Geographical Entities},
  Author                   = {Fonte, Cidália Costa and Lodwick, Weldon},
  Booktitle                = {Fuzzy Modeling with Spatial Information for Geographic Problems},
  Date                     = {2005},
  Year                     = {2005},
  Doi                      = {10.1007/3-540-26886-3_6},
  Language                 = {english},
  Pages                    = {121--142},
  Publisher                = {Springer},

  File                     = {:Fonte2005.pdf:PDF},
  Groups                   = {Modéles vagues, Pixels},
  Journaltitle             = {Fuzzy Modeling with Spatial Information for Geographic Problems},
  Keywords                 = {logique floue, prio1, Implémentation, extension},
  Owner                    = {mattia},
  Timestamp                = {2018-01-12}
}

@Article{Francez2006,
  Title                    = {Categorial grammar and the semantics of contextual prepositional phrases},
  Author                   = {Francez, Nissim and Steedman, Mark},
  Date                     = {2006-11},
  Journaltitle             = {Linguistics and Philosophy},
  Doi                      = {10.1007/s10988-006-9000-8},
  Language                 = {english},
  Number                   = {4},
  Pages                    = {381--417},
  Volume                   = {29},

  File                     = {:Francez2006.pdf:PDF},
  Owner                    = {mattia},
  Publisher                = {Springer Nature},
  Timestamp                = {2018-04-20}
}

@Www{Francois2004,
  Title                    = {Discontinuité},
  Author                   = {François, Jean-Christophe},
  Date                     = {2004},
  Editor                   = {Hypergéo},
  Url                      = {http://www.hypergeo.eu/spip.php?article53#},
  Language                 = {french},

  Groups                   = {Modéles vagues},
  Owner                    = {mattia},
  Timestamp                = {2017-12-13}
}

@Incollection{Frank1997,
  Title                    = {Spatial Ontology: A Geographical Information Point of View},
  Author                   = {Frank, Andrew},
  Booktitle                = {Spatial and Temporal Reasoning},
  Date                     = {1997},
  Editor                   = {Stock, Oliviero},
  Doi                      = {10.1007/978-0-585-28322-7_5},
  Language                 = {english},
  Pages                    = {135--153},
  Publisher                = {Springer Netherlands},

  File                     = {:Frank1997.pdf:PDF},
  Owner                    = {mattia},
  Timestamp                = {2018-01-24}
}

@Article{Frank1992,
  Title                    = {Qualitative spatial reasoning about distances and directions in geographic space},
  Author                   = {Frank, Andrew},
  Date                     = {1992-12},
  Journaltitle             = {Journal of Visual Languages \& Computing},
  Doi                      = {10.1016/1045-926x(92)90007-9},
  Language                 = {english},
  Number                   = {4},
  Pages                    = {343--371},
  Volume                   = {3},

  File                     = {:Frank1992.pdf:PDF},
  Owner                    = {mattia},
  Publisher                = {Elsevier BV},
  Timestamp                = {2018-01-16}
}

@Article{Frank2001,
  Title                    = {Tiers of ontology and consistency constraints in geographical information systems},
  Author                   = {Frank, Andrew},
  Date                     = {2001-10},
  Journaltitle             = {International Journal of Geographical Information Science},
  Doi                      = {10.1080/13658810110061144},
  Language                 = {english},
  Number                   = {7},
  Pages                    = {667--678},
  Volume                   = {15},

  File                     = {:Frank2001.pdf:PDF},
  Owner                    = {mattia},
  Publisher                = {Informa UK Limited},
  Timestamp                = {2018-01-23}
}

@Inbook{Frank1991,
  Title                    = {Language issues for GIS},
  Author                   = {Frank, Andrew and Mark, David},
  Booktitle                = {Geographical Information Systems: Principles and Applications},
  Date                     = {1991},
  Editor                   = {Maguire, David and Goodchild, Michael and Rhind, David},
  Language                 = {english},
  Volume                   = {2},
  Volumes                  = {2},

  File                     = {:Frank1991.pdf:PDF},
  Owner                    = {mattia},
  Timestamp                = {2018-01-12}
}

@Article{Freeman1975,
  Title                    = {The modelling of spatial relations},
  Author                   = {Freeman, John},
  Date                     = {1975-06},
  Journaltitle             = {Computer Graphics and Image Processing},
  Doi                      = {10.1016/s0146-664x(75)80007-4},
  Language                 = {english},
  Number                   = {2},
  Pages                    = {156--171},
  Volume                   = {4},

  File                     = {:Freeman1975.pdf:PDF},
  Groups                   = {Prédicats et objets de référence},
  Keywords                 = {prio1},
  Owner                    = {mattia},
  Publisher                = {Elsevier BV},
  Timestamp                = {2018-01-04}
}

@Incollection{Freksa1996,
  Title                    = {On the relations between Spatial Concepts and Geographics Objects},
  Author                   = {Freksa, Christian and Barkowsky, Thomas},
  Booktitle                = {Geographics Objects with Indeterminate Boundaries},
  Date                     = {1996},
  Editor                   = {Burrough, Peter},
  Year                     = {1996},
  Chapter                  = {8},
  Pages                    = {109--121},

  Owner                    = {mattia},
  Timestamp                = {2019-09-10}
}

@Article{Freksa2018,
  Title                    = {Formal representation of qualitative direction},
  Author                   = {Freksa, Christian and van de Ven, Jasper and Wolter, Diedrich},
  Date                     = {2018-01},
  Journaltitle             = {International Journal of Geographical Information Science},
  Doi                      = {10.1080/13658816.2017.1420794},
  Language                 = {english},
  Pages                    = {1--21},

  File                     = {:Freksa2018.pdf:PDF},
  Owner                    = {mattia},
  Publisher                = {Informa UK Limited},
  Timestamp                = {2018-04-20}
}

@Book{Fuller2000,
  author    = {Fullér, Robert},
  date      = {2000},
  title     = {Introduction to Neuro-Fuzzy Systems},
  doi       = {10.1007/978-3-7908-1852-9},
  language  = {english},
  location  = {Berlin},
  pagetotal = {300},
  publisher = {Physica-Verlag HD},
  file      = {:PDF/Fuller2000.pdf:PDF},
  keywords  = {logique floue, réseau de neurones, neural net},
  owner     = {mattia},
  timestamp = {2017-10-11},
}

@Article{Gale1976,
  Title                    = {A Resolution of the regionalization Problem and Its Implications for Political Geography and Sociale Justice},
  Author                   = {Gale, Stephen},
  Date                     = {1976},
  Journaltitle             = {Geografiska Annaler},
  Year                     = {1976},
  Language                 = {english},
  Number                   = {1},
  Pages                    = {1--16},
  Volume                   = {58},

  Owner                    = {mattia},
  Timestamp                = {2019-08-26}
}

@Article{Gale1972,
  Title                    = {Inexactness, Fuzzy Sets, and the Foundations of Behavioral Geography},
  Author                   = {Gale, Stephen},
  Date                     = {1972-09},
  Journaltitle             = {Geographical Analysis},
  Year                     = {1972},
  Doi                      = {10.1111/j.1538-4632.1972.tb00480.x},
  Language                 = {english},
  Number                   = {4},
  Pages                    = {337--349},
  Volume                   = {4},

  File                     = {:Gale1972.pdf:PDF},
  Groups                   = {Modéles vagues},
  Keywords                 = {logique floue},
  Owner                    = {mattia},
  Publisher                = {Wiley-Blackwell},
  Timestamp                = {2019.08.26}
}

@Inproceedings{Galton2005,
  Title                    = {Anchoring: A New Approch to Handling Intermediate Location in GIS},
  Author                   = {Galton, Anthony and Hood, James},
  Booktitle                = {Proceedings of spatial information theory: international conference},
  Date                     = {2005},
  Eventtitle               = {International Conference on Spatial Information Theory (COSIT)},
  Language                 = {english},
  Location                 = {Ellicottville},

  Groups                   = {Modéles vagues},
  Owner                    = {mattia},
  Timestamp                = {2018-03-12}
}

@Article{Gavignet2016,
  Title                    = {Raisonner en logique modale sur l'incertitude liée aux données},
  Author                   = {Gavignet, Élisabeth and Leclercq, Éric and Cullot, Nadine and Savonnet, Marinette},
  Date                     = {2016-10},
  Journaltitle             = {Revue Internationale de Géomatique},
  Doi                      = {10.3166/rig.2016.00007},
  Editor                   = {Zghal, Hajer Baazaoui and Claramunt, Christophe},
  Language                 = {french},
  Number                   = {4},
  Pages                    = {467--490},
  Volume                   = {26},

  File                     = {:Gavignet2016.pdf:PDF},
  Groups                   = {Typologies imperfection},
  Journal                  = {Revue Internationale de Géomatique},
  Keywords                 = {printed, read, Modélisation de la confiance},
  Owner                    = {mattia},
  Publisher                = {Lavoisier},
  Timestamp                = {2018-09-26}
}

@Article{Gershon1998,
  Title                    = {Visualization of an imperfect world},
  Author                   = {Gershon, Nahum},
  Date                     = {1998},
  Journaltitle             = {IEEE Computer Graphics and Applications},
  Doi                      = {10.1109/38.689662},
  Language                 = {english},
  Number                   = {4},
  Pages                    = {43--45},
  Volume                   = {18},

  File                     = {:Gershon1998.pdf:PDF},
  Groups                   = {Typologies imperfection},
  Owner                    = {mattia},
  Publisher                = {Institute of Electrical and Electronics Engineers (IEEE)},
  Timestamp                = {2018-09-27}
}

@Article{Goodchild1992,
  author       = {Goodchild, Michael},
  date         = {1992},
  journaltitle = {Computers \& Geosciences},
  title        = {Geographical Data Modeling},
  number       = {4},
  pages        = {401--408},
  volume       = {18},
  owner        = {mattia},
  timestamp    = {2019-08-29},
  year         = {1992},
}

@Article{Goodchild2007,
  Title                    = {Towards a general theory of geographic representation in GIS},
  Author                   = {Goodchild, Michael and Yuan, May and Cova, Thomas},
  Date                     = {2007},
  Journaltitle             = {International Journal of Geographical Information Science},
  Doi                      = {10.1080/13658810600965271},
  Language                 = {english},
  Number                   = {3},
  Pages                    = {239--260},
  Volume                   = {21},

  File                     = {:Goodchild2007.pdf:PDF},
  Groups                   = {Modéles vagues},
  Keywords                 = {prio2},
  Owner                    = {mattia},
  Publisher                = {Informa UK Limited},
  Timestamp                = {2017-10-25}
}

@Incollection{Goodchild2018,
  Title                    = {Big Geodata},
  Author                   = {Goodchild, Michael F.},
  Booktitle                = {Comprehensive Geographic Information Systems},
  Date                     = {2018},
  Doi                      = {10.1016/b978-0-12-409548-9.09595-6},
  Language                 = {english},
  Pages                    = {19--25},
  Publisher                = {Elsevier},

  Owner                    = {mattia},
  Timestamp                = {2017-12-13}
}

@Article{Griot2007,
  Title                    = {Vulnérabilité et transport de matières dangereuses :une méthode d'aide à la décision issue de l'expertise de la Sécurité Civile},
  Author                   = {Griot, Chloé},
  Date                     = {2007-01},
  Journaltitle             = {Cybergeo},
  Doi                      = {10.4000/cybergeo.5995},
  Language                 = {french},

  Groups                   = {Modéles vagues, Pixels},
  Keywords                 = {logique floue, skimmed},
  Owner                    = {mattia},
  Publisher                = {OpenEdition},
  Timestamp                = {2017-10-06}
}

@Inproceedings{Guillon2016,
  Title                    = {Optimisation proximale pour le subspace clustering flou},
  Author                   = {Guillon, Arthur and Lesot, Marie-Jeanne and Marsala, Christophe},
  Booktitle                = {25e Rencontres francophones sur la Logique Floue et ses Applications},
  Date                     = {2016},
  Eventtitle               = {25e Rencontres francophones sur la Logique Floue et ses Applications},
  Language                 = {french},
  Location                 = {La Rochelle, France},
  Url                      = {http://hal.upmc.fr/hal-01364699},
  Venue                    = {La Rochelle, France},

  File                     = {:Guillon2016.pdf:PDF;lfa-version4.pdf:http\://hal.upmc.fr/hal-01364699/file/lfa-version4.pdf:PDF},
  Groups                   = {Modéles vagues},
  Keywords                 = {Clustering, optimisation, logique floue, Implémentation},
  Owner                    = {mattia},
  Timestamp                = {2017-10-19}
}

@Article{Gui-Wu2009a,
  Title                    = {Some Geometric Aggrega Tion Functions and Their Applica Tion to Dynamic Mul Tiple Attribute Decision Making in the Intuitionistic Fuzzy Setting},
  Author                   = {Gui-Wu, Wei},
  Date                     = {2009-04},
  Journaltitle             = {International Journal of Uncertainty, Fuzziness and Knowledge-Based Systems},
  Doi                      = {10.1142/s0218488509005802},
  Language                 = {english},
  Number                   = {02},
  Pages                    = {179--196},
  Volume                   = {17},

  File                     = {:Gui-Wu2009a.pdf:PDF},
  Owner                    = {mattia},
  Publisher                = {World Scientific Pub Co Pte Lt},
  Timestamp                = {2018-04-20}
}

@Article{Gui-Wu2009,
  Title                    = {Uncertain Linguistic Hybrid Geometric Mean Operator and Its Application to Group Decision Making under Uncertain Linguistic Environment},
  Author                   = {Gui-Wu, Wei},
  Date                     = {2009},
  Journaltitle             = {International Journal of Uncertainty, Fuzziness and Knowledge-Based Systems},
  Year                     = {2009},
  Doi                      = {10.1142/S021848850900584X},
  Language                 = {english},
  Month                    = apr,
  Number                   = {02},
  Pages                    = {251--267},
  Volume                   = {17},

  File                     = {:Gui-Wu2009.pdf:PDF},
  Owner                    = {mattia},
  Publisher                = {World Scientific Pub Co Pte Lt},
  Timestamp                = {2018-04-20}
}

@Article{Guo2008,
  Title                    = {Georeferencing locality descriptions and computing associated uncertainty using a probabilistic approach},
  Author                   = {Guo, Qinghua and Liu, Yu and Wieczorek, John},
  Date                     = {2008-10},
  Journaltitle             = {International Journal of Geographical Information Science},
  Doi                      = {10.1080/13658810701851420},
  Language                 = {english},
  Number                   = {10},
  Pages                    = {1067--1090},
  Volume                   = {22},

  File                     = {:Guo2008.pdf:PDF},
  Owner                    = {mattia},
  Publisher                = {Informa UK Limited},
  Timestamp                = {2018-06-28}
}

@Article{Gueting1995,
  Title                    = {Realm-based spatial data types: The ROSE algebra},
  Author                   = {Güting, Ralf Hartmut and Schneider, Markus},
  Date                     = {1995},
  Journaltitle             = {The International Journal on Very Large Data Bases},
  Year                     = {1995},
  Doi                      = {10.1007/BF01237921},
  Language                 = {english},
  Number                   = {2},
  Pages                    = {243--286},
  Volume                   = {4},

  File                     = {:Gueting1995.pdf:PDF},
  Owner                    = {mattia},
  Publisher                = {Springer-Verlag New York, Inc.},
  Timestamp                = {2018-08-17}
}

@Incollection{Hadzilacos1996,
  Title                    = {On Layer-based Systems for Undetermined Boundaries},
  Author                   = {Hadzilacos, Thanasis},
  Booktitle                = {Geographic objects with indeterminate boundaries},
  Date                     = {1996},
  Editor                   = {Burrough, Peter and Frank, Andrew},
  Year                     = {1996},
  Chapter                  = {16},

  Owner                    = {mattia},
  Timestamp                = {2019-09-14}
}

@Inproceedings{Hall2015,
  Title                    = {Spatial Natural Language Generation for Location Description in Photo Captions},
  Author                   = {Hall, Mark and Jones, Christopher and Smart, Philip},
  Booktitle                = {Spatial Information Theory},
  Date                     = {2015},
  Doi                      = {10.1007/978-3-319-23374-1_10},
  Eventtitle               = {International Conference on Spatial Information Theory (COSIT)},
  Language                 = {english},
  Location                 = {Santa-Fe},
  Pages                    = {196--223},

  Groups                   = {Modéles vagues},
  Keywords                 = {prio2},
  Owner                    = {mattia},
  Timestamp                = {2018-01-23}
}

@Book{Hastie2001,
  Title                    = {The Elements of Statistical Learning},
  Author                   = {Hastie, Trevor and Tibshirani, Robert and Friedman, Jerome},
  Date                     = {2001},
  Edition                  = {2},
  Language                 = {english},
  Pagetotal                = {764},
  Publisher                = {Springer series in statistics New York},
  Volume                   = {1},

  File                     = {:Hastie2001.pdf:PDF},
  Keywords                 = {méthodologie},
  Owner                    = {mattia},
  Timestamp                = {2018-01-11}
}

@Article{Hofmann2014,
  Title                    = {Creation of models for calculation of coefficients of terrain passability},
  Author                   = {Hofmann, Alois and Hošková-Mayerová, Šárka and Talhofer, Václav and Kovařı́k, Vladimı́r},
  Date                     = {2014},
  Journaltitle             = {Quality \& Quantity},
  Doi                      = {10.1007/s11135-014-0072-1},
  Language                 = {english},
  Number                   = {4},
  Pages                    = {1679--1691},
  Volume                   = {49},

  File                     = {:Hofmann2014.pdf:PDF},
  Keywords                 = {logique floue},
  Owner                    = {mattia},
  Publisher                = {Springer Nature},
  Timestamp                = {2017-12-13}
}

@Inproceedings{Hois2008,
  Title                    = {Natural Language Meets Spatial Calculi},
  Author                   = {Hois, Joana and Kutz, Olivier},
  Booktitle                = {Spatial Cognition IV},
  Date                     = {2008},
  Editor                   = {Freksa, Christian and Newcombe, Nora and Gärdenfors, Peter and Wölfl, Stefan},
  Eventtitle               = {International Conference Spatial Cognition},
  Language                 = {english},
  Location                 = {Freiburg},
  Pages                    = {266--282},

  Owner                    = {mattia},
  Timestamp                = {2018-01-24}
}

@Article{Hornsby2009,
  Title                    = {Conceptual Framework for Modeling Dynamic Paths from Natural Language Expressions},
  Author                   = {Hornsby, Kathleen Stewart and Li, Naicong},
  Date                     = {2009-06},
  Journaltitle             = {Transactions in GIS},
  Doi                      = {10.1111/j.1467-9671.2009.01153.x},
  Language                 = {english},
  Pages                    = {27--45},
  Volume                   = {13},

  File                     = {:Hornsby2009.pdf:PDF},
  Owner                    = {mattia},
  Publisher                = {Wiley-Blackwell},
  Timestamp                = {2018-01-04}
}

@Article{Hudelot2008,
  Title                    = {Fuzzy spatial relation ontology for image interpretation},
  Author                   = {Hudelot, Céline and Atif, Jamal and Bloch, Isabelle},
  Date                     = {2008},
  Journaltitle             = {Fuzzy Sets and Systems},
  Doi                      = {10.1016/j.fss.2008.02.011},
  Language                 = {english},
  Number                   = {15},
  Pages                    = {1929--1951},
  Volume                   = {159},

  File                     = {:Hudelot2008.pdf:PDF},
  Groups                   = {Cecile},
  Owner                    = {mattia},
  Publisher                = {Elsevier BV},
  Timestamp                = {2018-01-23}
}

@Article{Hudelot2008a,
  Title                    = {FSRO: une ontologie de relations spatiales flous pour l'interprétation d'images},
  Author                   = {Hudelot, Céline and Atif, Jamal and Bloch, Isabelle},
  Date                     = {2008},
  Journaltitle             = {Revue Nouvelles Technologies de l'Information},
  Language                 = {french},
  Pages                    = {53--84},
  Url                      = {https://hal.inria.fr/hal-00825271v1/},
  Volume                   = {14},

  File                     = {:Hudelot2008a.pdf:PDF},
  Groups                   = {Cecile},
  Owner                    = {mattia},
  Timestamp                = {2018-06-05}
}

@Article{Hunter2007,
  Title                    = {Matplotlib: A 2D Graphics Environment},
  Author                   = {{Hunter}, John},
  Date                     = {2007},
  Journaltitle             = {Computing in Science Engineering},
  Year                     = {2007},
  Doi                      = {10.1109/MCSE.2007.55},
  ISSN                     = {1558-366X},
  Language                 = {english},
  Month                    = {May},
  Number                   = {3},
  Pages                    = {90-95},
  Volume                   = {9},

  Journal                  = {Computing in Science Engineering},
  Keywords                 = {software},
  Owner                    = {mattia},
  Timestamp                = {2020-03-12}
}

@Incollection{Hwang2005,
  Title                    = {Modeling Localities with Fuzzy Sets and GIS},
  Author                   = {Hwang, Sungsoon and Thill, Jean-Claude},
  Booktitle                = {Fuzzy Modeling with Spatial Information for Geographic Problems},
  Date                     = {2005},
  Editor                   = {Cobb, Frederick and Petry, Vincent and Robinson, Maria},
  Doi                      = {10.1007/3-540-26886-3_4},
  Language                 = {english},
  Pages                    = {71--104},
  Publisher                = {Springer-Verlag},

  Groups                   = {Modéles vagues},
  Keywords                 = {logique floue},
  Owner                    = {mattia},
  Timestamp                = {2017-12-13}
}

@Book{Jacques1985,
  Title                    = {L'Espace logique de l'interlocution},
  Author                   = {Jacques, Francis},
  Year                     = {1985},
  Publisher                = {Presses universitaires de France},

  Owner                    = {mattia}
}

@Www{Jasiewicz2014,
  Title                    = {r.fuzzy.logic Manual},
  Author                   = {Jasiewicz, Jarek},
  Date                     = {2014},
  Url                      = {https://grass.osgeo.org/grass72/manuals/addons/r.fuzzy.logic.html},
  Language                 = {english},
  Urldate                  = {2017-12-13},

  Keywords                 = {documentation, méthodologie, read},
  Owner                    = {mattia},
  Timestamp                = {2017-12-13}
}

@Article{Jung2010,
  Title                    = {Extending the Qualitative Capabilities of GIS: Computer-Aided Qualitative GIS},
  Author                   = {Jung, Jin-Kyu and Elwood, Sarah},
  Date                     = {2010-02},
  Journaltitle             = {Transactions in GIS},
  Doi                      = {10.1111/j.1467-9671.2009.01182.x},
  Language                 = {english},
  Number                   = {1},
  Pages                    = {63--87},
  Volume                   = {14},

  File                     = {:Jung2010.pdf:PDF},
  Groups                   = {Modéles vagues},
  Owner                    = {mattia},
  Publisher                = {Wiley-Blackwell},
  Timestamp                = {2018-01-04}
}

@Article{Kainz2007,
  Title                    = {Fuzzy logic and GIS},
  Author                   = {Kainz, Wolfgang},
  Date                     = {2007},
  Editor                   = {University of Vienna},
  Language                 = {english},

  File                     = {:Kainz2007.pdf:PDF},
  Groups                   = {Modéles vagues},
  Keywords                 = {logique floue},
  Owner                    = {mattia},
  Timestamp                = {2017-12-13}
}

@Article{Kalfoglou2003,
  Title                    = {Ontology mapping: the state of the art},
  Author                   = {Kalfoglou, Yannis and Schorlemmer, Marco},
  Date                     = {2003-01},
  Journaltitle             = {The Knowledge Engineering Review},
  Doi                      = {10.1017/s0269888903000651},
  Language                 = {english},
  Number                   = {1},
  Pages                    = {1--31},
  Volume                   = {18},

  File                     = {:Kalfoglou2003.pdf:PDF},
  Owner                    = {mattia},
  Publisher                = {Cambridge University Press (CUP)},
  Timestamp                = {2018-01-23}
}

@Incollection{Kanjilal2010,
  Title                    = {Plateau Regions: An Implementation Concept for Fuzzy Regions in Spatial Databases and GIS},
  Author                   = {Kanjilal, Virupaksha and Liu, Hechen and Schneider, Markus},
  Booktitle                = {Computational Intelligence for Knowledge-Based Systems Design},
  Date                     = {2010},
  Doi                      = {10.1007/978-3-642-14049-5_64},
  Language                 = {english},
  Pages                    = {624--633},
  Publisher                = {Springer Berlin Heidelberg},

  File                     = {:Kanjilal2010.pdf:PDF},
  Groups                   = {Modéles vagues},
  Keywords                 = {logique floue},
  Owner                    = {mattia},
  Timestamp                = {2017-10-25}
}

@Article{Klippel2009,
  Title                    = {Topologically Characterized Movement Patterns: A Cognitive Assessment},
  Author                   = {Klippel, Alexander},
  Date                     = {2009-11},
  Journaltitle             = {Spatial Cognition \& Computation},
  Doi                      = {10.1080/13875860903039172},
  Language                 = {english},
  Number                   = {4},
  Pages                    = {233--261},
  Volume                   = {9},

  File                     = {:Klippel2009.pdf:PDF},
  Owner                    = {mattia},
  Publisher                = {Informa UK Limited},
  Timestamp                = {2018-01-04}
}

@Article{Klippel2011,
  Title                    = {Movement Choremes: Bridging Cognitive Understanding and Formal Characterizations of Movement Patterns1},
  Author                   = {Klippel, Alexander},
  Date                     = {2011-10},
  Journaltitle             = {Topics in Cognitive Science},
  Doi                      = {10.1111/j.1756-8765.2011.01159.x},
  Language                 = {english},
  Number                   = {4},
  Pages                    = {722--740},
  Volume                   = {3},

  File                     = {:Klippel2011.pdf:PDF},
  Owner                    = {mattia},
  Publisher                = {Wiley-Blackwell},
  Timestamp                = {2018-01-04}
}

@Article{Klippel2012,
  Title                    = {Spatial Information Theory Meets Spatial Thinking: Is Topology the Rosetta Stone of Spatio-temporal Cognition ?},
  Author                   = {Klippel, Alexander},
  Date                     = {2012-11},
  Journaltitle             = {Annals of the Association of American Geographers},
  Doi                      = {10.1080/00045608.2012.702481},
  Language                 = {english},
  Number                   = {6},
  Pages                    = {1310--1328},
  Volume                   = {102},

  File                     = {:Klippel2012.pdf:PDF},
  Groups                   = {Modéles vagues},
  Owner                    = {mattia},
  Publisher                = {Informa UK Limited},
  Timestamp                = {2018-01-04}
}

@Book{Klir1995,
  Title                    = {Fuzzy Sets \& Fuzzy Logic},
  Author                   = {Klir, George and Yuan, Bo},
  Date                     = {1995-05-11},
  Year                     = {1995},
  ISBN                     = {0131011715},
  Language                 = {english},
  Pagetotal                = {592},
  Publisher                = {Addison-Wesley},
  Subtitle                 = {Theory and Applications},

  Ean                      = {9780131011717},
  File                     = {:Klir1995.pdf:PDF},
  Groups                   = {Modéles vagues},
  Owner                    = {mattia},
  Timestamp                = {2017-10-26}
}

@Www{Kniep2015,
  Title                    = {Writing postgres extensions},
  Author                   = {Kniep, Manuel},
  Date                     = {2015},
  Url                      = {http://big-elephants.com/2015-10/writing-postgres-extensions-part-i/},
  Language                 = {english},
  Subtitle                 = {Part 1},
  Urldate                  = {2017-12-13},

  Keywords                 = {documentation, méthodologie, read},
  Owner                    = {mattia},
  Timestamp                = {2017-12-13}
}

@Incollection{Kordjamshidi2012,
  Title                    = {Relational Learning for Spatial Relation Extraction from Natural Language},
  Author                   = {Kordjamshidi, Parisa and Frasconi, Paolo and Van Otterlo, Martijn and Moens, Marie-Francine and De Raedt, Luc},
  Booktitle                = {Inductive Logic Programming},
  Date                     = {2012},
  Doi                      = {10.1007/978-3-642-31951-8_20},
  Language                 = {english},
  Pages                    = {204--220},
  Publisher                = {Springer Berlin Heidelberg},

  File                     = {:Kordjamshidi2012.pdf:PDF},
  Owner                    = {mattia},
  Timestamp                = {2017-12-21}
}

@Article{Kordjamshidi2015,
  Title                    = {Global machine learning for spatial ontology population},
  Author                   = {Kordjamshidi, Parisa and Moens, Marie-Francine},
  Date                     = {2015},
  Journaltitle             = {Web Semantics: Science, Services and Agents on the World Wide Web},
  Doi                      = {10.1016/j.websem.2014.06.001},
  Language                 = {english},
  Pages                    = {3--21},
  Volume                   = {30},

  File                     = {:Kordjamshidi2015.pdf:PDF},
  Owner                    = {mattia},
  Publisher                = {Elsevier BV},
  Timestamp                = {2018-01-23}
}

@Article{Kracht2002,
  Title                    = {On the Semantics of Locatives},
  Author                   = {Kracht, Marcus},
  Date                     = {2002},
  Journaltitle             = {Linguistics and Philosophy},
  Doi                      = {10.1023/a:1014646826099},
  Language                 = {english},
  Number                   = {2},
  Pages                    = {157--232},
  Volume                   = {25},

  File                     = {:Kracht2002.pdf:PDF},
  Owner                    = {mattia},
  Publisher                = {Springer Nature},
  Timestamp                = {2018-04-20}
}

@Article{Kurtener2000,
  Title                    = {A GIS methodological framework based on fuzzy sets theory for land use management},
  Author                   = {Kurtener, Dmitry and Badenko, Vladimir},
  Date                     = {2000},
  Journaltitle             = {Journal of the Brazilian Computer Society},
  Language                 = {english},
  Number                   = {3},
  Pages                    = {26--32},
  Volume                   = {6},

  File                     = {:Kurtener2000.pdf:PDF},
  Groups                   = {Modéles vagues},
  Keywords                 = {logique floue},
  Owner                    = {mattia},
  Timestamp                = {2017-12-13}
}

@Article{Laddada2017,
  Title                    = {Description formelle de trajectoire de navigation en environnement maritime côtier},
  Author                   = {Laddada, Wissame and Saux, Éric},
  Date                     = {2017-04},
  Journaltitle             = {Revue Internationale de Géomatique},
  Doi                      = {10.3166/rig.2017.00027},
  Language                 = {french},
  Number                   = {2},
  Pages                    = {179--202},
  Volume                   = {27},

  File                     = {:Laddada2017.pdf:PDF},
  Keywords                 = {prio1},
  Owner                    = {mattia},
  Publisher                = {Lavoisier},
  Timestamp                = {2017-10-25}
}

@Inbook{Lagacherie1996,
  Title                    = {Fuzziness and Uncertainty of Soil Boundaries: From Reality to Coding in GIS},
  Author                   = {Lagacherie, P. and Andrieux, P. and Bouzigues, R.},
  Booktitle                = {Geographic Objects with Indeterminate Boundaries},
  Date                     = {1996},
  Chapter                  = {18},
  Editor                   = {Burrough, Peter and Frank, Andrew},
  Language                 = {english},
  Location                 = {London},
  Pages                    = {275--286},

  Keywords                 = {printed},
  Owner                    = {mattia},
  Timestamp                = {2018-09-20}
}

@Article{Landau1993,
  Title                    = {What and where in spatial language and spatial cognition},
  Author                   = {Landau, Barbara and Jackendoff, Ray},
  Date                     = {1993-06},
  Journaltitle             = {Behavioral and Brain Sciences},
  Doi                      = {10.1017/s0140525x00029733},
  Language                 = {english},
  Number                   = {02},
  Pages                    = {217},
  Volume                   = {16},

  File                     = {:Landau1993.pdf:PDF},
  Owner                    = {mattia},
  Publisher                = {Cambridge University Press (CUP)},
  Timestamp                = {2018-01-23}
}

@Book{Lang1991,
  Title                    = {Modeling Spatial Knowledge on a Linguistic Basis.},
  Author                   = {Lang, Ewald and Carstensen, Kai-Uwe and Simmons, Geoff},
  Date                     = {1991},
  Language                 = {english},
  Series                   = {Lecture Notes in Computer Science},
  Subtitle                 = {Theory-Prototype-Integration},

  File                     = {:Lang1991.pdf:PDF},
  Owner                    = {mattia},
  Timestamp                = {2018-01-24}
}

@Article{Lee1974,
  Title                    = {Fuzzy Sets and Neural Networks},
  Author                   = {Samuel C. Lee and Edward T. Lee},
  Date                     = {1974-01},
  Journaltitle             = {Journal of Cybernetics},
  Doi                      = {10.1080/01969727408546068},
  Language                 = {english},
  Number                   = {2},
  Pages                    = {83--103},
  Volume                   = {4},

  File                     = {:Lee1974.pdf:PDF},
  Keywords                 = {logique floue, prio3, réseau de neurones, neural net},
  Owner                    = {mattia},
  Publisher                = {Informa UK Limited},
  Timestamp                = {2017-10-05}
}

@Article{Leopold2015,
  Title                    = {Spatial relations between 3D objects: The association between natural language, topology, and metrics},
  Author                   = {Leopold, Jennifer and Sabharwal, Chaman and Ward, Katrina},
  Date                     = {2015-04},
  Journaltitle             = {Journal of Visual Languages \& Computing},
  Doi                      = {10.1016/j.jvlc.2014.11.008},
  Language                 = {english},
  Pages                    = {29--37},
  Volume                   = {27},

  File                     = {:Leopold2015.pdf:PDF},
  Groups                   = {Cecile},
  Keywords                 = {prio1},
  Owner                    = {mattia},
  Publisher                = {Elsevier BV},
  Timestamp                = {2018-01-04}
}

@Article{Leung1987,
  Title                    = {On the Imprecision of Boundaries},
  Author                   = {Leung, Yee},
  Date                     = {1987},
  Journaltitle             = {Geographical Analysis},
  Year                     = {1987},
  Number                   = {2},
  Volume                   = {19},

  Owner                    = {mattia},
  Timestamp                = {2019.08.26}
}

@Article{Leung1979,
  Title                    = {Location choice: a fuzzy set approach},
  Author                   = {Leung, Yee},
  Date                     = {1979},
  Journaltitle             = {Geography Bulletin},
  Year                     = {1979},
  Volume                   = {15},

  Owner                    = {mattia},
  Timestamp                = {2019.08.26}
}

@Incollection{Levelt1996,
  Title                    = {Perspective Taking and Ellipsis in Spatial descriptions},
  Author                   = {Levelt, Willem},
  Booktitle                = {Language and Space},
  Date                     = {1996},
  Editor                   = {Bloom, Paul and Garrett, Merrill and Nadel, Lynn and Peterson, Mary},
  Chapter                  = {3},
  Language                 = {english},
  Pages                    = {77--108},

  Owner                    = {mattia},
  Timestamp                = {2018-01-24}
}

@Article{Levit2007,
  Title                    = {Interpretation of Spatial Language in a Map Navigation Task},
  Author                   = {Levit, Michael and Roy, Deb},
  Date                     = {2007-06},
  Journaltitle             = {IEEE Transactions on Systems, Man and Cybernetics, Part B (Cybernetics)},
  Doi                      = {10.1109/tsmcb.2006.889809},
  Language                 = {english},
  Number                   = {3},
  Pages                    = {667--679},
  Volume                   = {37},

  File                     = {:Levit2007.pdf:PDF},
  Owner                    = {mattia},
  Publisher                = {Institute of Electrical and Electronics Engineers (IEEE)},
  Timestamp                = {2018-01-24}
}

@Book{Levy2013,
  Title                    = {Dictionnaire de géographie et de l'espace des sociétés},
  Author                   = {Lévy, Jacques and Lussault, Michel},
  Date                     = {2013},
  Language                 = {french},
  Location                 = {Paris},
  Publisher                = {La Documentation Française},

  Owner                    = {mattia},
  Timestamp                = {2018-06-15}
}

@Article{Liu2008,
  Title                    = {A framework of region-based spatial relations for non-overlapping features and its application in object based image analysis},
  Author                   = {Liu, Yu and Guo, Qinghua and Kelly, Maggi},
  Date                     = {2008-07},
  Journaltitle             = {ISPRS Journal of Photogrammetry and Remote Sensing},
  Doi                      = {10.1016/j.isprsjprs.2008.01.007},
  Language                 = {english},
  Number                   = {4},
  Pages                    = {461--475},
  Volume                   = {63},

  File                     = {:Liu2008.pdf:PDF},
  Groups                   = {Modéles vagues},
  Owner                    = {mattia},
  Publisher                = {Elsevier BV},
  Timestamp                = {2018-01-04}
}

@Article{Liu2019,
  Title                    = {Modeling the Vagueness of Areal Geographic Objects:
 A Categorization System},
  Author                   = {Liu, Yu and Yuan, Yihong and Gao, Song},
  Year                     = {2019},
  Doi                      = {10.3390/ijgi8070306},
  ISSN                     = {2220-9964},
  Month                    = {Jul},
  Number                   = {7},
  Pages                    = {306},
  Url                      = {http://dx.doi.org/10.3390/ijgi8070306},
  Volume                   = {8},

  Journal                  = {ISPRS International Journal of Geo-Information},
  Owner                    = {mattia},
  Publisher                = {MDPI AG},
  Timestamp                = {2019-09-14}
}

@Article{Makropoulos2003,
  Title                    = {Fuzzy Logic Spatial Decision Support System for Urban Water Management},
  Author                   = {C. K. Makropoulos and D. Butler and C. Maksimovic},
  Date                     = {2003-01},
  Journaltitle             = {Journal of Water Resources Planning and Management},
  Doi                      = {10.1061/(asce)0733-9496(2003)129:1(69)},
  Language                 = {english},
  Number                   = {1},
  Pages                    = {69--77},
  Volume                   = {129},

  File                     = {:Makropoulos2003.pdf:PDF},
  Groups                   = {Modéles vagues, Pixels},
  Keywords                 = {logique floue},
  Owner                    = {mattia},
  Publisher                = {American Society of Civil Engineers (ASCE)},
  Timestamp                = {2017-10-03}
}

@Article{Mark1989,
  Title                    = {The Nature Of Boundaries On `Area-Class' Maps},
  Author                   = {Mark, David and Csillag, Ferenc},
  Date                     = {1989-10},
  Journaltitle             = {Cartographica: The International Journal for Geographic Information and Geovisualization},
  Doi                      = {10.3138/d235-3262-062x-4472},
  Language                 = {english},
  Number                   = {1},
  Pages                    = {65--78},
  Volume                   = {26},

  File                     = {:Mark1989.pdf:PDF},
  Groups                   = {Modèles incertains},
  Owner                    = {mattia},
  Publisher                = {University of Toronto Press Inc. (UTPress)},
  Timestamp                = {2018-08-27}
}

@Inproceedings{Mark1994,
  Title                    = {Calibrating the meanings of spatial predicates from natural language: Line-region relations},
  Author                   = {Mark, David and Egenhofer, Max},
  Booktitle                = {Advances in GIS research},
  Date                     = {1994},
  Eventtitle               = {International Symposium on Spatial Data Handling},
  Language                 = {english},
  Location                 = {Edinburgh},
  Pages                    = {538--553},
  Volume                   = {1},

  File                     = {:Mark1994.pdf:PDF},
  Owner                    = {mattia},
  Timestamp                = {2017-12-21}
}

@Article{Mark1999,
  Title                    = {Cognitive models of geographical space},
  Author                   = {Mark, David and Freksa, Christian and Hirtle, Stephen and Lloyd, Robert and Tversky, Barbara},
  Date                     = {1999-12},
  Journaltitle             = {International Journal of Geographical Information Science},
  Doi                      = {10.1080/136588199241003},
  Language                 = {english},
  Number                   = {8},
  Pages                    = {747--774},
  Volume                   = {13},

  File                     = {:Mark1999.pdf:PDF},
  Owner                    = {mattia},
  Publisher                = {Informa UK Limited},
  Timestamp                = {2018-01-12}
}

@Phdthesis{Marsala1998,
  Title                    = {Apprentissage inductif en présence de données imprécises: construction et utilisation d'arbres de décision flous},
  Author                   = {Marsala, Christophe},
  Date                     = {1998},
  Institution              = {Université Paris 6},
  Language                 = {french},
  Pagetotal                = {232},
  Type                     = {phdthesis},

  File                     = {:Marsala1998.pdf:PDF},
  Keywords                 = {méthodologie, skimmed},
  Owner                    = {mattia},
  Timestamp                = {2018-01-12}
}

@Inproceedings{Marsala2009,
  Title                    = {Data mining with ensembles of fuzzy decision trees},
  Author                   = {Marsala, Christophe},
  Booktitle                = {Proceedings of the IEEE Symposium on Computational Intelligence and Data Mining},
  Date                     = {2009},
  Eventdate                = {2009-03},
  Eventtitle               = {IEEE Symposium on Computational Intelligence and Data Mining},
  Language                 = {english},
  Location                 = {Nashville},
  Pages                    = {348--354},
  Venue                    = {Nashville},

  File                     = {:Marsala2009.pdf:PDF},
  Keywords                 = {arbre de décision, forêt d'arbres de décision, arbre de décision flou, forêt d'arbres de décision flous},
  Owner                    = {mattia},
  Timestamp                = {2017-12-13}
}

@Thesis{Marsala2010,
  Title                    = {Apprentissage artificiel et raisonnement flou},
  Author                   = {Marsala, Christophe},
  Date                     = {2010},
  Institution              = {Université Pierre et Marie Curie (Paris VI)},
  Type                     = {resreport},
  Year                     = {2010},
  Language                 = {french},
  Location                 = {Paris},
  Pagetotal                = {116},

  File                     = {:Marsala2010.pdf:PDF},
  Owner                    = {mattia},
  Timestamp                = {2018-01-25}
}

@Inproceedings{Mathet2000a,
  Title                    = {New paradigms in space and motion: a model and an experiment},
  Author                   = {Mathet, Yann},
  Booktitle                = {Actes du workshop ECAI'00},
  Date                     = {2000},
  Eventtitle               = {European Conference on Artificial Intelligence},
  Language                 = {english},
  Location                 = {Berlin},

  File                     = {:Mathet2000a.pdf:PDF},
  Keywords                 = {prio1},
  Owner                    = {mattia},
  Timestamp                = {2017-10-25}
}

@Phdthesis{Mathet2000,
  Title                    = {Etude de l’expression en langue de l’espace et du deplacement : analyse linguistique, modelisation cognitive, et leur experimentation informatique},
  Author                   = {Mathet, Yann},
  Institution              = {Université de Caen},
  Year                     = {2000},
  Language                 = {french},
  Location                 = {Cean},
  Pagetotal                = {328},
  Type                     = {phdthesis},

  File                     = {:Mathet2000.pdf:PDF},
  Keywords                 = {Prédicats},
  Owner                    = {mattia},
  Timestamp                = {2017-10-13}
}

@Inproceedings{Matsakis2002,
  Title                    = {The fuzzy line between among and surround},
  Author                   = {Matsakis, Pascal and Andréfouët, Serge},
  Booktitle                = {Proceedings of IEEE International Fuzzy Systems Conference},
  Date                     = {2002},
  Doi                      = {10.1109/FUZZ.2002.1006745},
  Eventdate                = {2002-12-05},
  Eventtitle               = {IEEE International Fuzzy Systems Conference},
  Language                 = {english},
  Location                 = {Naples},
  Organization             = {IEEE},
  Pages                    = {1596--1601},
  Venue                    = {Honolulu},
  Volume                   = {2},

  File                     = {:Matsakis2002.pdf:PDF},
  Groups                   = {Modéles vagues},
  Keywords                 = {logique floue},
  Owner                    = {mattia},
  Timestamp                = {2017-10-11}
}

@Article{Matsakis2010,
  Title                    = {Relative positions in words: a system that builds descriptions around Allen relations},
  Author                   = {P. Matsakis and L. Wawrzyniak and J. Ni},
  Year                     = {2010},
  Doi                      = {10.1080/13658810802270587},
  Language                 = {english},
  Number                   = {1},
  Pages                    = {1--23},
  Volume                   = {24},

  File                     = {:Matsakis2010.pdf:PDF},
  Groups                   = {Cecile},
  Journal                  = {International Journal of Geographical Information Science},
  Keywords                 = {logique floue},
  Owner                    = {mattia},
  Publisher                = {Informa UK Limited},
  Timestamp                = {2017-10-13}
}

@Article{Matsakis1999,
  Title                    = {A new way to represent the relative position between areal objects},
  Author                   = {Matsakis, Pascal and Wendling, Laurent},
  Date                     = {1999-07},
  Journaltitle             = {IEEE Transactions on Pattern Analysis and Machine Intelligence},
  Doi                      = {10.1109/34.777374},
  Language                 = {english},
  Number                   = {7},
  Pages                    = {634--643},
  Volume                   = {21},

  File                     = {:Matsakis1999.pdf:PDF},
  Groups                   = {Modéles vagues, Cecile},
  Owner                    = {mattia},
  Publisher                = {Institute of Electrical and Electronics Engineers (IEEE)},
  Timestamp                = {2018-06-04}
}

@Article{Meehan1993,
  Title                    = {Animated Fuzzy Logic},
  Author                   = {Meehan, Gary and Joy, Mike},
  Date                     = {1993},
  Journaltitle             = {Journal of Functional Programming},
  Language                 = {english},
  Url                      = {http://citeseerx.ist.psu.edu/viewdoc/summary?doi=10.1.1.40.1464},

  Booktitle                = {Journal of Functional Programming},
  File                     = {:Meehan1993.pdf:PDF},
  Keywords                 = {logique floue},
  Organization             = {Citeseer},
  Owner                    = {mattia},
  Timestamp                = {2017-10-03}
}

@Article{Meesad2000,
  Title                    = {Pattern classification by a neurofuzzy network: application to vibration monitoring},
  Author                   = {Meesad, Phayung and Yen, Gary},
  Date                     = {2000},
  Journaltitle             = {ISA Transactions},
  Doi                      = {10.1016/s0019-0578(00)00027-6},
  Language                 = {english},
  Number                   = {3},
  Pages                    = {293--308},
  Volume                   = {39},

  File                     = {:Meesad2000.pdf:PDF},
  Keywords                 = {logique floue},
  Owner                    = {mattia},
  Publisher                = {Elsevier},
  Timestamp                = {2017-12-13}
}

@Report{Metcalfe2017,
  Title                    = {Australia state of the environment 2016: land},
  Author                   = {Metcalfe, Daniel and Bui, Elisabeth},
  Date                     = {2017},
  Institution              = {Australian Government Department of the Environment and Energy},
  Type                     = {Technical report},
  Doi                      = {10.4226/94/58b6585f94911},
  Language                 = {english},
  Location                 = {Cambera},
  Url                      = {https://soe.environment.gov.au/theme/land},

  Journaltitle             = {Australia state of the environment 2016: land is part of a suite of reports and products that review the state of the Australian environment. All SoE material is available at soe.environment.gov.au as highly searchable digital content provided under a creative commons licence with downloadable open-access data.},
  Owner                    = {mattia},
  Publisher                = {Department of the Environment and Energy},
  Timestamp                = {2018-08-27}
}

@Book{Miller1976,
  Title                    = {Language and Perception},
  Author                   = {Miller, George and Johnson-Laird, Philip},
  Date                     = {1976},
  ISBN                     = {9780674421288},
  Language                 = {english},
  Pagetotal                = {760},
  Url                      = {http://www.hup.harvard.edu/catalog.php?isbn=9780674421288},

  Keywords                 = {biblioUniq},
  Owner                    = {mattia},
  Timestamp                = {2018-01-24}
}

@Inproceedings{Miyajima1994,
  Title                    = {Spatial organization in 2D images},
  Author                   = {Miyajima, Koji and Ralescu, Anca},
  Booktitle                = {Proceedings of IEEE International Fuzzy Systems Conference},
  Date                     = {1994},
  Doi                      = {10.1109/fuzzy.1994.343710},
  Eventdate                = {1994-06-26},
  Eventtitle               = {IEEE International Fuzzy Systems Conference},
  Language                 = {english},
  Location                 = {Orlando},
  Venue                    = {Orlando},

  File                     = {:Miyajima1994.pdf:PDF},
  Groups                   = {Modéles vagues},
  Keywords                 = {logique floue},
  Owner                    = {mattia},
  Timestamp                = {2017-10-11}
}

@Article{Molenaar2000,
  Title                    = {Fuzzy spatial objects and their dynamics},
  Author                   = {Molenaar, Martien and Cheng, Tao},
  Date                     = {2000},
  Journaltitle             = {ISPRS Journal of Photogrammetry and Remote Sensing},
  Doi                      = {10.1016/s0924-2716(00)00017-4},
  Language                 = {english},
  Number                   = {3},
  Pages                    = {164--175},
  Volume                   = {55},

  File                     = {:Molenaar2000.pdf:PDF},
  Groups                   = {Modéles vagues},
  Keywords                 = {logique floue},
  Owner                    = {mattia},
  Publisher                = {Elsevier BV},
  Timestamp                = {2017-11-22}
}

@Article{Moratz2008,
  Title                    = {Qualitative spatial reasoning about relative point position},
  Author                   = {Moratz, Reinhard and Ragni, Marco},
  Date                     = {2008-02},
  Journaltitle             = {Journal of Visual Languages \& Computing},
  Doi                      = {10.1016/j.jvlc.2006.11.001},
  Language                 = {english},
  Number                   = {1},
  Pages                    = {75--98},
  Volume                   = {19},

  File                     = {:Moratz2008.pdf:PDF},
  Groups                   = {Modéles vagues},
  Owner                    = {mattia},
  Publisher                = {Elsevier BV},
  Timestamp                = {2018-01-16}
}

@Inproceedings{Moreau2018,
  Title                    = {Fuzzy Query By Example},
  Author                   = {Moreau, Aurélien and Pivert, Olivier and Smits, Grégory},
  Booktitle                = {SAC 2018 - The 33rd ACM/SIGAPP Symposium On Applied Computing},
  Date                     = {2018},
  Doi                      = {10.1145/3167132.3167208},
  Eventtitle               = {SAC 2018},
  Language                 = {english},
  Location                 = {Pau},
  Url                      = {https://hal.archives-ouvertes.fr/hal-01662908/},

  File                     = {:Moreau2018.pdf:PDF},
  Groups                   = {Modéles vagues, Attributs},
  Keywords                 = {Implémentation, printed, read},
  Owner                    = {mattia},
  Timestamp                = {2018-03-01}
}

@Article{Morente-Molinera2016,
  Title                    = {A linguistic mobile Decision Support System based on fuzzy ontology to facilitate knowledge mobilization},
  Author                   = {Morente-Molinera, Juan Antonia and Wikström, Robin and Herrera-Viedma, Enrique and Carlsson, Christer},
  Date                     = {2016-01},
  Journaltitle             = {Decision Support Systems},
  Doi                      = {10.1016/j.dss.2015.09.001},
  Language                 = {english},
  Pages                    = {66--75},
  Volume                   = {81},

  File                     = {:Morente-Molinera2016.pdf:PDF},
  Owner                    = {mattia},
  Publisher                = {Elsevier BV},
  Timestamp                = {2018-01-23}
}

@Phdthesis{Mustiere2001,
  Title                    = {Apprentissage supervisé pour la généralisation cartographique},
  Author                   = {Mustière, Sébastien},
  Date                     = {2001},
  Institution              = {Université Pierre et Marie Curie (Paris VI)},
  Language                 = {french},
  Location                 = {Paris},
  Pagetotal                = {146},
  Type                     = {phdthesis},
  Url                      = {http://recherche.ign.fr/labos/cogit/pdf/THESES/MUSTIERE/These_Mustiere_2001.pdf},
  Urldate                  = {2018-01-23},

  File                     = {:Mustiere2001.pdf:PDF},
  Keywords                 = {skimmed},
  Owner                    = {mattia},
  Timestamp                = {2018-01-23}
}

@Article{Ndonky2015,
  Title                    = {Mesure de l'accessibilité géographique aux structures de santé dans l'agglomération de Dakar},
  Author                   = {Ndonky, Alphousseyni and Oliveau, Sébastien and Lalou, Richard and Dos Santos, Stéphanie.},
  Date                     = {2015-12},
  Journaltitle             = {Cybergeo},
  Doi                      = {10.4000/cybergeo.27312},
  Language                 = {french},

  Keywords                 = {logique floue, skimmed, rank2},
  Owner                    = {mattia},
  Publisher                = {OpenEdition},
  Timestamp                = {2017-10-03}
}

@Incollection{OddAmbrosetti1987,
  Title                    = {L'analisi dei sistemi in geographia},
  Author                   = {Odd Ambrosetti, Miriam},
  Booktitle                = {Aspetti e problemi della geografia},
  Date                     = {1987},
  Editor                   = {Corna-Pellegrini, Giacomo},
  Year                     = {1987},
  Language                 = {italian},

  Owner                    = {mattia},
  Timestamp                = {2019-08-26}
}

@Article{Olaru2003,
  Title                    = {A complete fuzzy decision tree technique},
  Author                   = {Olaru, Cristina and Wehenkel, Louis},
  Date                     = {2003-09},
  Journaltitle             = {Fuzzy Sets and Systems},
  Doi                      = {10.1016/s0165-0114(03)00089-7},
  Language                 = {english},
  Number                   = {2},
  Pages                    = {221--254},
  Volume                   = {138},

  File                     = {:Olaru2003.pdf:PDF},
  Owner                    = {mattia},
  Publisher                = {Elsevier BV},
  Timestamp                = {2018-01-25}
}

@PhdThesis{Olteanu2008,
  author      = {Olteanu, Ana-Maria},
  date        = {2008},
  institution = {Université Paris-Est},
  title       = {Fusion de connaissances imparfaites pour l'appariement de données géographiques},
  language    = {french},
  pagetotal   = {268},
  subtitle    = {Proposition d'une approche s'appuyant sur la théorie des fonctions de croyance},
  type        = {phdthesis},
  file        = {:Olteanu-Raimond2008.pdf:PDF},
  owner       = {mattia},
  timestamp   = {2017-11-13},
  year        = {2008},
}

@Inbook{Pauly2008,
  Title                    = {Vague Spatial Data Types},
  Author                   = {Pauly, Alejandro and Schneider, Markus},
  Booktitle                = {Encyclopedia of GIS},
  Date                     = {2008},
  Year                     = {2008},
  Editor                   = {Shekhar, Shashi and Xiong, Hui},
  Foreword                 = {Berry, Brian and Goodchild, Michel},
  ISBN                     = {9780387308586},
  Language                 = {english},
  Location                 = {New York},
  Origlanguage             = {english},
  Pages                    = {1213--1216},
  Publisher                = {Springer},
  Volumes                  = {1},

  Groups                   = {Modéles vagues},
  Keywords                 = {read},
  Owner                    = {mattia},
  Timestamp                = {2017-11-06}
}

@Incollection{Pauly2005,
  Title                    = {Topological Predicates Between Vague Spatial Objects},
  Author                   = {Pauly, Alejandro and Schneider, Markus},
  Booktitle                = {Advances in Spatial and Temporal Databases},
  Date                     = {2005},
  Doi                      = {10.1007/11535331_24},
  Language                 = {english},
  Origlanguage             = {english},
  Pages                    = {418--432},
  Publisher                = {Springer Berlin Heidelberg},

  Groups                   = {Cecile},
  Owner                    = {mattia},
  Timestamp                = {2018-09-07}
}

@Inproceedings{Pauly2006,
  Title                    = {Topological Reasoning for Identifying a Complete Set of Topological Predicates between Vague Spatial Objects},
  Author                   = {Pauly, Alejandro and Schneider, Markus},
  Booktitle                = {Proceedings of FLAIRS Conference},
  Date                     = {2006},
  Year                     = {2006},
  Eventtitle               = {Florida Artificial Intelligence Research Socity Conference},
  Language                 = {english},
  Location                 = {Melbourne Beach, Florida},

  File                     = {:Pauly2006.pdf:PDF},
  Groups                   = {Cecile},
  Owner                    = {mattia},
  Timestamp                = {2018-09-07}
}

@Book{Perec1974,
  Title                    = {Espèces d'espaces},
  Author                   = {Perec, Georges},
  Date                     = {1974},
  Year                     = {1974},
  ISBN                     = {9782718605500},
  Pagetotal                = {2000},
  Publisher                = {Galilée},

  Owner                    = {mattia},
  Timestamp                = {2019-09-09}
}

@Article{Perez2007,
  Title                    = {IPython: A System for Interactive Scientific Computing},
  Author                   = {{Perez}, Fernando and {Granger}, Brian},
  Date                     = {2007},
  Journaltitle             = {Computing in Science Engineering},
  Year                     = {2007},
  Doi                      = {10.1109/MCSE.2007.53},
  ISSN                     = {1558-366X},
  Language                 = {english},
  Month                    = {May},
  Number                   = {3},
  Pages                    = {21-29},
  Volume                   = {9},

  Journal                  = {Computing in Science Engineering},
  Keywords                 = {software},
  Owner                    = {mattia},
  Timestamp                = {2020-03-12}
}

@Article{Pipkin1978,
  Title                    = {Fuzzy sets and spatial choice},
  Author                   = {Pipkin, John},
  Date                     = {1978},
  Journaltitle             = {Anals of the association of american geographers},
  Year                     = {1978},
  Number                   = {2},
  Volume                   = {68},

  Owner                    = {mattia},
  Timestamp                = {2019.08.26}
}

@Article{Previc1998,
  Title                    = {The neuropsychology of 3-D space.},
  Author                   = {Fred H. Previc},
  Date                     = {1998},
  Journaltitle             = {Psychological Bulletin},
  Doi                      = {10.1037/0033-2909.124.2.123},
  Language                 = {english},
  Number                   = {2},
  Pages                    = {123--164},
  Volume                   = {124},

  File                     = {:Previc1998.pdf:PDF},
  Keywords                 = {prio1, printed},
  Owner                    = {mattia},
  Publisher                = {American Psychological Association (APA)},
  Timestamp                = {2018-06-04}
}

@InProceedings{Randell1989,
  author     = {Randell, David and Cohn, Anthony},
  booktitle  = {Proceedings of the 1st International Conference on Principlesof Knowledge Representation and Resoning (KR)},
  date       = {1989},
  title      = {Modelling Topological and Metrical Properties in Physical Processes.},
  eventtitle = {International Conference on Principlesof Knowledge Representation and Resoning},
  language   = {english},
  location   = {San Mateo},
  pages      = {357--368},
  volume     = {89},
  file       = {:Randell1989.pdf:PDF},
  owner      = {mattia},
  timestamp  = {2018-08-17},
}

@Www{Reitel2014,
  Title                    = {Frontières},
  Author                   = {Reitel, Bernard},
  Date                     = {2014},
  Editor                   = {hypergéo},
  Url                      = {http://www.hypergeo.eu/spip.php?article16},
  Year                     = {2014},

  Owner                    = {mattia},
  Timestamp                = {2019.08.26}
}

@Article{Robinson2003,
  Title                    = {A Perspective on the Fundamentals of Fuzzy Sets and their Use in Geographic Information Systems},
  Author                   = {Robinson, Vincent},
  Date                     = {2003},
  Journaltitle             = {Transactions in GIS},
  Year                     = {2003},
  Doi                      = {10.1111/1467-9671.00127},
  Eprint                   = {https://onlinelibrary.wiley.com/doi/pdf/10.1111/1467-9671.00127},
  Number                   = {1},
  Pages                    = {3-30},
  Url                      = {https://onlinelibrary.wiley.com/doi/abs/10.1111/1467-9671.00127},
  Volume                   = {7},

  Abstract                 = {The development of fuzzy sets in geographic information systems (GIS) arose out of the need to handle uncertainty and the ability of soft computing technology to support fuzzy information processing. An overview of the fundamentals of fuzzy sets is used to illustrate its use in GIS. The use of some terms within both the GIS and fuzzy information processing community is clarified. Since one of the key problems when applying fuzzy sets to GIS problems is in the specification of grades of membership, the many methods used to specify memberships in fuzzy sets in GIS applications are presented. The α–cut is defined and shown to be of increasing importance in GIS. Non–compensatory and compensatory connectives are compared. Aggregation operators are reviewed and shown to be useful in a number of GIS studies. Fuzzy relations and fuzzy control systems are briefly discussed with reference to their use in GIS and in relation to the development of modern soft computing technology. Several features of fuzzy sets make that paradigm attractive for use in GIS. It is concluded that as GIS–related applications increase in their levels of complexity and sophistication fuzzy sets will play a major, cost effective role in their development.},
  Journal                  = {Transactions in GIS},
  Owner                    = {mattia},
  Timestamp                = {2019-09-13}
}

@Phdthesis{Rolland-May1984,
  Title                    = {Les espaces géographiques flous},
  Author                   = {Rolland-May, Christiane},
  Date                     = {1984},
  Institution              = {Université de Metz},
  Language                 = {french},
  Type                     = {phdthesis},

  File                     = {:Rolland-May1984.pdf:PDF},
  Groups                   = {Modéles vagues},
  Keywords                 = {logique floue, skimmed},
  Owner                    = {mattia},
  Timestamp                = {2017-11-06}
}

@Article{Rolland-May1987,
  Title                    = {La théorie des ensembles flous et son intérêt en géographie},
  Author                   = {Rolland-May, Christiane},
  Date                     = {1987},
  Journaltitle             = {L'Espace Géographique},
  Doi                      = {10.3406/spgeo.1987.4184},
  Language                 = {french},
  Number                   = {1},
  Pages                    = {42--50},
  Volume                   = {16},

  File                     = {:Rolland-May1987.pdf:PDF},
  Groups                   = {Modéles vagues},
  Keywords                 = {logique floue, read, relevant},
  Owner                    = {mattia},
  Timestamp                = {2017-10-10}
}

@Article{Rolland-May1996,
  Title                    = {Régionalisation d'espaces géographiques imprécis et incertains définis par des variables qualitatives},
  Author                   = {Rolland-May, Christiane},
  Date                     = {1996},
  Journaltitle             = {Revue Géographique de l'Est},
  Doi                      = {10.3406/rgest.1996.2314},
  Number                   = {3},
  Pages                    = {213--241},
  Volume                   = {36},

  Owner                    = {mattia},
  Timestamp                = {2019-01-09}
}

@Article{Rolland-May2003,
  Title                    = {Limites, discontinuités, continu : le paradoxe du flou},
  Author                   = {Rolland-May, Christiane},
  Date                     = {2003},
  Journaltitle             = {L'information géographique},
  Doi                      = {10.3406/ingeo.2003.2872},
  Language                 = {french},
  Number                   = {1},
  Pages                    = {1--20},
  Volume                   = {67},

  File                     = {:Rolland-May2003.pdf:PDF},
  Groups                   = {Modéles vagues},
  Keywords                 = {logique floue},
  Owner                    = {mattia},
  Publisher                = {PERSEE Program},
  Timestamp                = {2017-11-06}
}

@Article{Rosenfeld1985,
  Title                    = {Degree of adjacency or surroundedness},
  Author                   = {Rosenfeld, Azriel and Klette, Reinhard},
  Date                     = {1985},
  Journaltitle             = {Pattern Recognition},
  Doi                      = {10.1016/0031-3203(85)90041-X},
  Language                 = {english},
  Number                   = {2},
  Pages                    = {169--177},
  Volume                   = {18},

  File                     = {:Rosenfeld1985.pdf:PDF},
  Keywords                 = {logique floue},
  Owner                    = {mattia},
  Publisher                = {Elsevier},
  Timestamp                = {2017-10-11}
}

@Inproceedings{Ruffray1995,
  Title                    = {Présentation d'un système-expert «flou» pour la mise en oeuvre d'une politique de développement local},
  Author                   = {de Ruffray, Sophie},
  Booktitle                = {Deuxièmes rencontres Théo Quant},
  Date                     = {1995},
  Eventtitle               = {Rencontres Théo Quant},
  Language                 = {french},
  Location                 = {Besançon},

  File                     = {:Ruffray1995.pdf:PDF},
  Groups                   = {Modéles vagues},
  Keywords                 = {logique floue, skimmed},
  Owner                    = {mattia},
  Timestamp                = {2017-12-06}
}

@Article{Ruffray1996,
  Title                    = {Contribution à l'élaboration dune méthodologie de développement local et à la conception dun outil daide à la décision : application au pays de Bitche},
  Author                   = {de Ruffray, Sophie},
  Date                     = {1996},
  Journaltitle             = {Revue Géographique de l'Est},
  Doi                      = {10.3406/rgest.1996.2317},
  Language                 = {french},
  Number                   = {3},
  Pages                    = {291--313},
  Volume                   = {36},

  File                     = {:Ruffray1996.pdf:PDF},
  Groups                   = {Modéles vagues},
  Keywords                 = {logique floue},
  Owner                    = {mattia},
  Publisher                = {PERSEE Program},
  Timestamp                = {2017-12-06}
}

@Article{Ruffray2009,
  Title                    = {La dimension sociale de la cohésion territoriale},
  Author                   = {de Ruffray, Sophie and Hamez, Grégory},
  Date                     = {2009},
  Journaltitle             = {L'Espace Géographique},
  Doi                      = {10.3917/eg.384.0328},
  Language                 = {french},
  Number                   = {4},
  Pages                    = {328},
  Volume                   = {38},

  File                     = {:Ruffray2009.pdf:PDF},
  Groups                   = {Modéles vagues, Attributs},
  Keywords                 = {logique floue, skimmed},
  Owner                    = {mattia},
  Publisher                = {CAIRN},
  Timestamp                = {2017-10-03}
}

@Phdthesis{Runz2008a,
  Title                    = {Imperfection, temps et espace : modélisation, analyse et visualisation dans un SIG archéologique},
  Author                   = {de Runz, Cyril},
  Institution              = {Université de Reims - Champagne Ardenne},
  Year                     = {2008},
  Language                 = {french},
  Location                 = {Reins},
  Type                     = {phdthesis},
  Url                      = {https://hal.archives-ouvertes.fr/tel-00560668/},

  File                     = {:Runz2008a.pdf:PDF},
  Groups                   = {Modéles vagues, Typologies imperfection},
  Keywords                 = {logique floue, relevant, prio2,},
  Owner                    = {mattia},
  Timestamp                = {2017-10-16}
}

@Inproceedings{Runz2008,
  Title                    = {Fouilles archéologiques : à la recherche d'éléments représentatifs},
  Author                   = {de Runz, Cyril and Blanchard, Frédéric and Desjardin, Éric and Herbin, Michel},
  Booktitle                = {Atelier Fouille de données complexes},
  Year                     = {2008},
  Eventdate                = {2008},
  Eventtitle               = {Conférence Extraction et Gestion des Connaissances 2008},
  Language                 = {french},
  Location                 = {Sophia Antipolis},
  Pages                    = {95--103},
  Url                      = {https://hal.archives-ouvertes.fr/hal-00584800/},
  Venue                    = {Sophia-Antipolis},

  File                     = {:Runz2008.pdf:PDF},
  Groups                   = {Modéles vagues},
  Keywords                 = {logique floue, relevant, read, rank3},
  Owner                    = {mattia},
  Timestamp                = {2017-10-16}
}

@Inproceedings{Runz2010,
  Title                    = {Visualisation de données spatiotemporelles imprécises : application en archéologie},
  Author                   = {de Runz, Cyril and Blanchard, Frédéric and Vautrot, Philippe and Desjardin, Éric},
  Booktitle                = {Atelier Fouille de Données Complexes, conférence Extraction et Gestion des Connaissances},
  Year                     = {2010},
  Eventdate                = {2010},
  Eventtitle               = {Atelier Fouille de Données Complexes, conférence Extraction et Gestion des Connaissances 2010},
  Language                 = {french},
  Location                 = {Strasbourg},
  Pages                    = {69--80},
  Url                      = {https://hal.archives-ouvertes.fr/hal-00584809},
  Venue                    = {Hammamet},

  File                     = {:Runz2010.pdf:PDF},
  Groups                   = {Modéles vagues},
  Keywords                 = {logique floue, rank3, read},
  Owner                    = {mattia},
  Timestamp                = {2017-10-16}
}

@Article{Ruspini1969,
  Title                    = {A new approach to clustering},
  Author                   = {Ruspini, Enrique H.},
  Date                     = {1969-07},
  Journaltitle             = {Information and Control},
  Doi                      = {10.1016/s0019-9958(69)90591-9},
  Language                 = {english},
  Number                   = {1},
  Pages                    = {22--32},
  Volume                   = {15},

  File                     = {:Ruspini1969.pdf:PDF},
  Keywords                 = {logique floue, skimmed},
  Owner                    = {mattia},
  Publisher                = {Elsevier BV},
  Timestamp                = {2017-10-09}
}

@Article{Russell1923,
  Title                    = {Vagueness},
  Author                   = {Russell, Bertrand},
  Year                     = {1923},
  Doi                      = {10.1080/00048402308540623},
  Pages                    = {84--92},

  Journal                  = {The Australasian Journal of Psychology and Philosophy},
  Owner                    = {mattia},
  Timestamp                = {2019-08-19}
}

@Www{Santos2017,
  Title                    = {An example of fuzzy logic in R},
  Author                   = {Santos, Juan, De Dios},
  Date                     = {2017},
  Url                      = {http://juandes.com/FuzzyLogic-R/docs/fuzzy_tutorial},
  Language                 = {english},

  Keywords                 = {documentation, read},
  Owner                    = {mattia},
  Timestamp                = {2017-12-13}
}

@Book{Saporta2011,
  Title                    = {Probabilités, analyse des données et statistiques},
  Author                   = {Saporta, Gilbert},
  Date                     = {2011},
  Edition                  = {3},
  ISBN                     = {978-2-7108-0980-7},
  Language                 = {french},
  Location                 = {Paris},
  Origlanguage             = {french},
  Pagetotal                = {622},
  Publisher                = {Technip},

  Keywords                 = {méthodologie, skimmed, biblioUniq},
  Owner                    = {mattia},
  Timestamp                = {2017-10-02}
}

@Incollection{Sarjakoski1996,
  Title                    = {How Many Lakes, Islands and Rivers are there in Finland ?},
  Author                   = {Sarjakoski, Tapani},
  Booktitle                = {Geographics Objects with Indeterminate Boundaries},
  Date                     = {1996},
  Editor                   = {Burrough, Peter},
  Year                     = {1996},
  Chapter                  = {20},
  Pages                    = {299--312},
  Publisher                = {Taylor and Francis},

  Owner                    = {mattia},
  Timestamp                = {2019-09-10}
}

@Inbook{Schneider1996,
  Title                    = {Modelling spatial objects with undetermined boundaries using the Realm/ROSE approch},
  Author                   = {Schneider, Markus},
  Booktitle                = {Geographic Objects with Indeterminate Boundaries},
  Date                     = {1996},
  Editor                   = {Burrough, Peter and Frank, Andrew},
  Language                 = {english},
  Location                 = {London},
  Pages                    = {141--152},

  File                     = {:Schneider1996.pdf:PDF},
  Groups                   = {Modéles vagues},
  Keywords                 = {SimpleFeaturesExtention, printed},
  Owner                    = {mattia},
  Timestamp                = {2018-06-12}
}

@Incollection{Schneider2004,
  Title                    = {Fuzzy Spatial Data Types and Predicates: Their Definition and Integration into Query Languages},
  Author                   = {Schneider, Markus},
  Booktitle                = {Spatio-Temporal Databases},
  Date                     = {2004},
  Editor                   = {de Caluwe, Rita and de Tré, Guy and Bordogna, Gloria},
  Doi                      = {10.1007/978-3-662-09968-1_12},
  Language                 = {english},
  Pages                    = {265--293},
  Publisher                = {Springer Berlin Heidelberg},

  Groups                   = {Modéles vagues},
  Keywords                 = {logique floue},
  Owner                    = {mattia},
  Timestamp                = {2017-12-13}
}

@Incollection{Schneider2008,
  Title                    = {Fuzzy spatial data types for spatial uncertainty management in databases},
  Author                   = {Schneider, Markus},
  Booktitle                = {Handbook of research on fuzzy information processing in databases},
  Date                     = {2008},
  Editor                   = {Galindo, José},
  Year                     = {2008},
  Pages                    = {490--515},
  Publisher                = {IGI Global},

  Owner                    = {mattia},
  Timestamp                = {2019-08-29}
}

@InProceedings{Schneider1999,
  author     = {Schneider, Markus},
  booktitle  = {Advances in Spatial Databases},
  date       = {1999},
  title      = {Uncertainty Management for Spatial Data in Databases: Fuzzy Spatial Data Types},
  editor     = {Güting, Ralf Hartmut and Papadias, Dimitris and Lochovsky, Fred},
  eventtitle = {SSD},
  language   = {english},
  location   = {Hong Kong},
  pages      = {330--351},
  publisher  = {Springer Berlin Heidelberg},
  file       = {:Schneider1999.pdf:PDF},
  groups     = {Modéles vagues},
  keywords   = {logique floue, prio1, printed, read},
  owner      = {mattia},
  printed    = {printed},
  priority   = {prio1},
  readstatus = {read},
  timestamp  = {2017-10-25},
}

@Inproceedings{Schneider2000,
  Title                    = {Metric operations on fuzzy spatial objects in databases},
  Author                   = {Schneider, Markus},
  Booktitle                = {Proceedings of the eighth ACM international symposium on Advances in geographic information systems},
  Date                     = {2000},
  Doi                      = {10.1145/355274.355277},
  Eventtitle               = {ACM international symposium on Advances in geographic information systems},
  Language                 = {english},
  Location                 = {New York},
  Publisher                = {ACM Press},

  File                     = {:Schneider2000.pdf:PDF},
  Groups                   = {Modéles vagues},
  Keywords                 = {logique floue},
  Owner                    = {mattia},
  Timestamp                = {2017-10-26}
}

@InCollection{Schneider2001,
  author    = {Schneider, Markus},
  booktitle = {Conceptual Modeling},
  date      = {2001},
  title     = {A Design of Topological Predicates for Complex Crisp and Fuzzy Regions},
  doi       = {10.1007/3-540-45581-7_10},
  editor    = {Kunii, Hideko and Jajodia, Sushil and Sølvberg, Arne},
  language  = {english},
  pages     = {103--116},
  publisher = {Springer Berlin Heidelberg},
  file      = {:Schneider2001.pdf:PDF},
  groups    = {Modéles vagues, Cecile},
  keywords  = {logique floue, printed},
  owner     = {mattia},
  printed   = {printed},
  timestamp = {2017-10-26},
}

@Article{Schneider2003,
  Title                    = {Design and implementation of finite resolution crisp and fuzzy spatial objects},
  Author                   = {Schneider, Markus},
  Year                     = {2003},
  Doi                      = {10.1016/S0169-023X(02)00131-3},
  Language                 = {english},
  Number                   = {1},
  Pages                    = {81--108},
  Volume                   = {44},

  File                     = {:Schneider2003.pdf:PDF},
  Groups                   = {Modéles vagues},
  Journal                  = {Data \& Knowledge Engineering},
  Keywords                 = {logique floue, Implémentation},
  Owner                    = {mattia},
  Publisher                = {Elsevier},
  Timestamp                = {2017-10-18}
}

@Phdthesis{Schockaert2008,
  Title                    = {Reasoning about Fuzzy Temporal and Spatial Information from the Web},
  Author                   = {Schockaert, Steven},
  Date                     = {2008},
  Institution              = {Ghent University},
  Language                 = {english},
  Pagetotal                = {481},
  Type                     = {phdthesis},

  File                     = {:Schockaert2008.pdf:PDF},
  Groups                   = {Modéles vagues},
  Keywords                 = {logique floue},
  Owner                    = {mattia},
  Timestamp                = {2018-03-06}
}

@Article{Shariff1998,
  Title                    = {Natural-Language Spatial Relations Between Linear and Areal Objects: The Topology and Metric of English-Language Terms},
  Author                   = {Shariff, Rashid and Egenhofer, Max and Mark, David},
  Date                     = {1998},
  Journaltitle             = {International Journal of Geographical Information Science},
  Language                 = {english},
  Number                   = {12},
  Pages                    = {215--246},
  Volume                   = {3},

  File                     = {:Shariff1998.pdf:PDF},
  Owner                    = {mattia},
  Timestamp                = {2018-01-16}
}

@InProceedings{Simons1999,
  author     = {Simons, Peter},
  booktitle  = {Proceedings of the XX World Congress of Philosophy},
  date       = {1999},
  title      = {Does the Sun Exist? The Problem of Vague Objects},
  editor     = {Hintikka, Jaakko and Neville, Robert and Sosa, Ernest and Olson, Alan},
  eventtitle = {World Congress of Philosophy},
  language   = {english},
  location   = {Melbourne Beach, Florida},
  pages      = {89--97},
  volume     = {2},
  owner      = {mattia},
  timestamp  = {2019-01-01},
  year       = {1999},
}

@InProceedings{Skeels2008,
  author     = {Skeels, Meredith and Lee, Bongshin and Smith, Greg and Robertson, George},
  booktitle  = {Proceedings of the working conference on Advanced visual interfaces},
  date       = {2008},
  title      = {Revealing uncertainty for information visualization},
  doi        = {10.1145/1385569.1385637},
  eventtitle = {Conference on Advanced visual interfaces -- AVI},
  language   = {english},
  location   = {Napoly},
  publisher  = {ACM Press},
  file       = {:Skeels2008.pdf:PDF},
  groups     = {Typologies imperfection},
  owner      = {mattia},
  timestamp  = {2018-09-27},
}

@Article{Skubic2004,
  Title                    = {Spatial Language for Human–Robot Dialogs},
  Author                   = {Skubic, Marjorie and Perzanowski, Dennis and Blisard, Samuel and Schultz, Alan and Adams, William and Bugajska, Magda and Brock, Derek},
  Date                     = {2004-05},
  Journaltitle             = {IEEE Transactions on Systems, Man and Cybernetics, Part C (Applications and Reviews)},
  Doi                      = {10.1109/tsmcc.2004.826273},
  Language                 = {english},
  Number                   = {2},
  Pages                    = {154--167},
  Volume                   = {34},

  File                     = {:Skubic2004.pdf:PDF},
  Groups                   = {Modéles vagues, Pixels, Cecile},
  Owner                    = {mattia},
  Publisher                = {Institute of Electrical and Electronics Engineers (IEEE)},
  Timestamp                = {2018-04-20}
}

@Inbook{Smets1997,
  Title                    = {Imperfect Information: Imprecision and Uncertainty},
  Author                   = {Smets, Philippe},
  Booktitle                = {Uncertainty Management in Information Systems},
  Date                     = {1997},
  Editor                   = {Uncertainty Management in Information Systems},
  Language                 = {english},
  Pages                    = {225--254},

  Groups                   = {Typologies imperfection},
  Owner                    = {mattia},
  Timestamp                = {2018-09-27}
}

@Article{Smith2003,
  Title                    = {Do Mountains Exist ? Towards an Ontology of Landforms},
  Author                   = {Smith, Barry and Mark, David},
  Date                     = {2003-06},
  Journaltitle             = {Environment and Planning B: Planning and Design},
  Doi                      = {10.1068/b12821},
  Language                 = {english},
  Number                   = {3},
  Pages                    = {411--427},
  Volume                   = {30},

  File                     = {:Smith2003.pdf:PDF},
  Groups                   = {Modéles vagues},
  Owner                    = {mattia},
  Publisher                = {SAGE Publications},
  Timestamp                = {2018-01-23}
}

@Article{Smith2000,
  Title                    = {Fiat and Bona Fide Boundaries},
  Author                   = {Smith, Barry and Varzi, Achille},
  Date                     = {2000},
  Journaltitle             = {Philosophy and Phenomenological Research},
  Year                     = {2000},
  Number                   = {2},
  Pages                    = {401--420},
  Volume                   = {60},

  Owner                    = {mattia},
  Timestamp                = {2019-09-23}
}

@Book{Smithson2006,
  Title                    = {Fuzzy Set Theory},
  Author                   = {Smithson, Michael and Verkuilen, Jay},
  Date                     = {2006},
  Language                 = {english},
  Number                   = {147},
  Publisher                = {SAGE Publications},
  Series                   = {Quantitaative Applications in the Social Sciences},
  Subtitle                 = {Applications in the Social Sciences},

  File                     = {:Smithson2006.pdf:PDF},
  Groups                   = {Modéles vagues},
  Keywords                 = {logique floue},
  Owner                    = {mattia},
  Timestamp                = {2017-12-13}
}

@Article{Stein2004,
  Title                    = {Definition and identification of vague spatial objects and their use in decision ontologies},
  Author                   = {Stein, Alfred and Dilo, Arta and Lucieer, Arko and van de Vlag, Daniel},
  Year                     = {2004},
  Language                 = {english},
  Url                      = {https://www.researchgate.net/publication/2942842_Definition_and_Identification_of_Vague_Spatial_Objects_and_Their_Use_in_Decision_Ontologies},

  File                     = {:Stein2004.pdf:PDF},
  Groups                   = {Modéles vagues},
  Journal                  = {ISSDQ ‘04, Bruck ad Leitha, Department of Geoinformation and Cartography},
  Keywords                 = {logique floue},
  Owner                    = {mattia},
  Timestamp                = {2017-10-18}
}

@Inproceedings{Stock2011,
  Title                    = {Universality, Language-Variability and Individuality: Defining Linguistic Building Blocks for Spatial Relations},
  Author                   = {Stock, Kristin and Cialone, Claudia},
  Booktitle                = {Spatial Information Theory},
  Date                     = {2011},
  Editor                   = {Egenhofer, Max and Giudice, Nicholas and Moratz, Reinhard and Worboys, Michael},
  Doi                      = {10.1007/978-3-642-23196-4},
  Eventtitle               = {International Conference on Spatial Information Theory (COSIT)},
  Language                 = {english},
  Location                 = {Belfast},

  Keywords                 = {prio2},
  Owner                    = {mattia},
  Timestamp                = {2018-01-11}
}

@Www{Suzuki2017,
  Title                    = {The Internals of PostgreSQL},
  Author                   = {Suzuki, Hironobu},
  Date                     = {2017},
  Url                      = {http://www.interdb.jp/pg/index.html},
  Language                 = {english},
  Urldate                  = {2017-12-13},

  Keywords                 = {documentation, méthodologie, read},
  Owner                    = {mattia},
  Timestamp                = {2017-12-13}
}

@Article{Takemura2012,
  Title                    = {Modeling and measuring the spatial relation "along": Regions, contours and fuzzy sets},
  Author                   = {Takemura, Celina Maki and Cesar, Roberto and Bloch, Isabelle},
  Date                     = {2012-02},
  Journaltitle             = {Pattern Recognition},
  Doi                      = {10.1016/j.patcog.2011.06.016},
  Language                 = {english},
  Number                   = {2},
  Pages                    = {757--766},
  Volume                   = {45},

  File                     = {:Takemura2012.pdf:PDF},
  Groups                   = {Modéles vagues, Pixels, Cecile},
  Owner                    = {mattia},
  Publisher                = {Elsevier BV},
  Timestamp                = {2018-06-13}
}

@Incollection{Talmy1983,
  Title                    = {How Language Structures Space},
  Author                   = {Talmy, Leonard},
  Booktitle                = {Spatial Orientation: Theory, Research, and Application},
  Date                     = {1983},
  Doi                      = {10.1007/978-1-4615-9325-6_11},
  Language                 = {english},
  Pages                    = {225--282},
  Publisher                = {Springer US},

  Keywords                 = {prio1},
  Owner                    = {mattia},
  Timestamp                = {2018-01-23}
}

@Incollection{Talmy2005,
  Title                    = {The fundamental system os spatial schemas in language},
  Author                   = {Talmy, Leonard},
  Booktitle                = {From Perception to Meaning: Image Schemas in Cognitive Linguistics},
  Date                     = {2005},
  Language                 = {english},
  Pages                    = {199--234},

  Owner                    = {mattia},
  Timestamp                = {2018-01-24}
}

@Book{CGAL2019,
  Title                    = {{CGAL} User and Reference Manual},
  Author                   = {{The CGAL Project}},
  Year                     = {2019},
  Edition                  = {{4.14}},
  Publisher                = {{CGAL Editorial Board}},
  Url                      = {https://doc.cgal.org/4.14/Manual/packages.html},

  Keywords                 = {software},
  Owner                    = {mattia}
}

@Inproceedings{Thomson2005,
  Title                    = {A typology for visualizing uncertainty},
  Author                   = {Thomson, Judi and Hetzler, Elizabeth and MacEachren, Alan and Gahegan, Mark and Pavel, Misha},
  Booktitle                = {Visualization and Data Analysis 2005},
  Date                     = {2005-03},
  Editor                   = {Robert F. Erbacher and Jonathan C. Roberts and Matti T. Grohn and Katy Borner},
  Doi                      = {10.1117/12.587254},
  Eventtitle               = {Conference on Visualization and Data Analysis},
  Language                 = {english},
  Location                 = {2005},
  Publisher                = {SPIE},

  File                     = {:Thomson2005.pdf:PDF},
  Groups                   = {Typologies imperfection},
  Owner                    = {mattia},
  Timestamp                = {2018-09-27}
}

@InProceedings{Toessebro2008,
  author     = {Tøssebro, Erlend and Nygård, Mads},
  booktitle  = {Proceedings Of The 2008 International Conference On High Performance Computing \& Simulation},
  date       = {2008},
  title      = {Representing Uncertainty in Spatial Databases},
  doi        = {10.1007/s10707-010-0120-5},
  eventtitle = {The 2008 International Conference on High Performance Computing \& Simulation (HPCS 2008)},
  language   = {english},
  location   = {Nicosia},
  pages      = {633-661},
  volume     = {15},
  file       = {:Toessebro2008.pdf:PDF},
  groups     = {Modèles incertains, Cecile},
  issn       = {1384-6175},
  keywords   = {printed},
  owner      = {mattia},
  printed    = {printed},
  timestamp  = {2018-08-21},
  year       = {2011},
}

@InCollection{Tossebro2002,
  author    = {Tøssebro, Erlend and Nygård, Mads},
  booktitle = {Advances in Web-Age Information Management},
  date      = {2002},
  title     = {An Advanced Discrete Model for Uncertain Spatial Data},
  doi       = {10.1007/3-540-45703-8_4},
  editor    = {Meng, Xiaofeng and Yujun Wang, Jianwen Su},
  language  = {english},
  pages     = {37--51},
  publisher = {Springer Berlin Heidelberg},
  file      = {:Tossebro2002.pdf:PDF},
  groups    = {Modéles vagues, Modèles incertains},
  keywords  = {printed},
  owner     = {mattia},
  printed   = {printed},
  timestamp = {2018-06-12},
}

@Article{vanderWalt2011,
  author       = {{van der Walt}, Stefan and {Colbert}, Chris and {Varoquaux}, Gael},
  date         = {2011},
  journaltitle = {Computing in Science \& Engineering},
  title        = {The NumPy Array: A Structure for Efficient Numerical Computation},
  doi          = {10.1109/MCSE.2011.37},
  issn         = {1558-366X},
  number       = {2},
  pages        = {22-30},
  volume       = {13},
  journal      = {Computing in Science Engineering},
  keywords     = {software},
  month        = {March},
  owner        = {mattia},
  timestamp    = {2020-03-12},
  year         = {2011},
}

@Article{vanderWalt2014,
  Title                    = {scikit-image: image processing in Python},
  Author                   = {{van der Walt}, Stéfan and Schönberger, Johannes L. and Nunez-Iglesias, Juan and Boulogne, François and Warner, Joshua D. and Yager, Neil and Gouillart, Emmanuelle and Yu, Tony and},
  Date                     = {PeerJ},
  Journaltitle             = {PeerJ},
  Year                     = {2014},
  Doi                      = {10.7717/peerj.453},
  ISSN                     = {2167-8359},
  Month                    = jun,
  Pages                    = {e453},
  Url                      = {https://doi.org/10.7717/peerj.453},
  Volume                   = {2},

  Abstract                 = {scikit-image is an image processing library that implements algorithms and utilities for use in research, education and industry applications. It is released under the liberal Modified BSD open source license, provides a well-documented API in the Python programming language, and is developed by an active, international team of collaborators. In this paper we highlight the advantages of open source to achieve the goals of the scikit-image library, and we showcase several real-world image processing applications that use scikit-image. More information can be found on the project homepage, http://scikit-image.org.},
  Journal                  = {PeerJ},
  Keywords                 = {software},
  Owner                    = {mattia},
  Timestamp                = {2020-03-12}
}

@Book{Vandeloise1986,
  Title                    = {L'espace en français : sémantique des prépositions spatiales},
  Author                   = {Vandeloise, Claude},
  Date                     = {1986},
  ISBN                     = {2-02-009356-1},
  Language                 = {french},
  Pagetotal                = {244},
  Publisher                = {Seuil},
  Url                      = {http://www.sudoc.fr/001147366},

  Keywords                 = {biblioUniq},
  Owner                    = {mattia},
  Timestamp                = {2018-01-24}
}

@Inproceedings{Vanegas2011,
  Title                    = {A Fuzzy Definition of the Spatial Relation "Surround"},
  Author                   = {Vanegas, Maria Carolina and Bloch, Isabelle and Inglada, Jordi},
  Booktitle                = {EUSFLAT Conference},
  Date                     = {2011},
  Eventtitle               = {EUSFLAT Conference},
  Language                 = {english},
  Location                 = {Aix-Les-Bains},
  Pages                    = {844--851},
  Publisher                = {Atlantis Press},
  Subtitle                 = {Application to Complex Shapes},

  File                     = {:Vanegas2011.pdf:PDF},
  Groups                   = {Modéles vagues, Pixels, Cecile},
  Keywords                 = {logique floue, relevant, prio1, skimmed},
  Owner                    = {mattia},
  Timestamp                = {2017-10-10}
}

@Article{Vannoorenberghe2003,
  Title                    = {Un état de l’art sur les fonctions de croyance appliquées au traitement de l’information},
  Author                   = {Vannoorenberghe, Patrick},
  Date                     = {2003},
  Journaltitle             = {Interaction Intelligence Information},
  Language                 = {french},
  Number                   = {2},
  Volume                   = {3},

  File                     = {:Vannoorenberghe2003.pdf:PDF},
  Owner                    = {mattia},
  Timestamp                = {2017-12-13}
}

@Article{Varzi2001,
  Title                    = {Vagueness in geography},
  Author                   = {Varzi, Achille},
  Date                     = {2001-02},
  Journaltitle             = {Philosophy \& Geography},
  Doi                      = {10.1080/10903770124125},
  Language                 = {english},
  Number                   = {1},
  Pages                    = {49--65},
  Volume                   = {4},

  File                     = {:Varzi2001.pdf:PDF},
  Groups                   = {Modéles vagues},
  Keywords                 = {vague},
  Owner                    = {mattia},
  Publisher                = {Informa UK Limited},
  Timestamp                = {2017-11-06}
}

@Article{Virtanen2020,
  Title                    = {{SciPy 1.0: Fundamental Algorithms for Scientific
 Computing in Python}},
  Author                   = {{Virtanen}, Pauli and {Gommers}, Ralf and {Oliphant},
 Travis E. and {Haberland}, Matt and {Reddy}, Tyler and
 {Cournapeau}, David and {Burovski}, Evgeni and {Peterson}, Pearu
 and {Weckesser}, Warren and {Bright}, Jonathan and {van der Walt},
 St{\'e}fan J. and {Brett}, Matthew and {Wilson}, Joshua and
 {Jarrod Millman}, K. and {Mayorov}, Nikolay and {Nelson}, Andrew
 R.~J. and {Jones}, Eric and {Kern}, Robert and {Larson}, Eric and
 {Carey}, CJ and {Polat}, {\.I}lhan and {Feng}, Yu and {Moore},
 Eric W. and {Vand erPlas}, Jake and {Laxalde}, Denis and
 {Perktold}, Josef and {Cimrman}, Robert and {Henriksen}, Ian and
 {Quintero}, E.~A. and {Harris}, Charles R and {Archibald}, Anne M.
 and {Ribeiro}, Ant{\^o}nio H. and {Pedregosa}, Fabian and
 {van Mulbregt}, Paul and {Contributors}, SciPy 1. 0},
  Date                     = {2020},
  Journaltitle             = {Nature Methods},
  Year                     = {2020},
  Doi                      = {https://doi.org/10.1038/s41592-019-0686-2},
  Language                 = {english},
  Pages                    = {261--272},
  Volume                   = {17},

  Adsurl                   = {https://rdcu.be/b08Wh},
  Journal                  = {Nature Methods},
  Keywords                 = {software},
  Owner                    = {mattia},
  Timestamp                = {2020-03-12}
}

@Article{Wang1994,
  Title                    = {Towards a natural language user interface: an approach of fuzzy query},
  Author                   = {Wang, Fangju},
  Date                     = {1994-03},
  Journaltitle             = {International journal of geographical information systems},
  Doi                      = {10.1080/02693799408901991},
  Language                 = {english},
  Number                   = {2},
  Pages                    = {143--162},
  Volume                   = {8},

  File                     = {:Wang1994.pdf:PDF},
  Groups                   = {Modéles vagues},
  Keywords                 = {logique floue, printed},
  Owner                    = {mattia},
  Publisher                = {Informa UK Limited},
  Timestamp                = {2018-08-21}
}

@Article{Wang2009,
  Title                    = {A modified fuzzy C-means classification method using a multiscale diffusion filtering scheme},
  Author                   = {Wang, Hesheng and Fei, Baowei},
  Date                     = {2009-04},
  Journaltitle             = {Medical Image Analysis},
  Doi                      = {10.1016/j.media.2008.06.014},
  Language                 = {english},
  Number                   = {2},
  Pages                    = {193--202},
  Volume                   = {13},

  File                     = {:Wang2009.pdf:PDF},
  Keywords                 = {logique floue, Image classification, magnetic resonance imaging (MRI), fuzzy C-means, multiscale diffusion filter, neuroimaging},
  Owner                    = {mattia},
  Publisher                = {Elsevier BV},
  Timestamp                = {2017-10-09}
}

@Article{Wang2017,
  Title                    = {{From hierarchy to networking: the evolution of the ``twenty-first-century Maritime Silk Road'' container shipping system}},
  Author                   = {Wang, Liehui and Zhu, Yan and Ducruet, C{\'{e}}sar and Bunel, Mattia and Lau, Yui-Yip},
  Date                     = {2017},
  Journaltitle             = {Transport Reviews},
  Year                     = {2017},
  Doi                      = {10.1080/01441647.2018.1441923},
  Language                 = {english},
  Month                    = Oct,
  Number                   = {4},
  Pages                    = {416--435},
  Url                      = {https://halshs.archives-ouvertes.fr/halshs-01832318},
  Volume                   = {38},

  Hal_id                   = {halshs-01832318},
  Hal_version              = {v1},
  Journal                  = {{Transport Reviews}},
  Owner                    = {mattia},
  Pdf                      = {https://halshs.archives-ouvertes.fr/halshs-01832318/file/TR2018_Lau%26al_Silk-Road_prefinal.pdf},
  Publisher                = {{Taylor \& Francis (Routledge)}},
  Timestamp                = {2020-03-12}
}

@Article{Wei2017,
  Title                    = {Fuzzy GML Modeling Based on Vague Soft Sets},
  Author                   = {Wei, Bo and Qingqing, Xie and Yuanyuan, Meng and Yao, Zou},
  Date                     = {2017-01},
  Journaltitle             = {ISPRS International Journal of Geo-Information},
  Doi                      = {10.3390/ijgi6010010},
  Language                 = {english},
  Number                   = {1},
  Pages                    = {10},
  Volume                   = {6},

  File                     = {:Wei2017.pdf:PDF},
  Groups                   = {Modéles vagues},
  Owner                    = {mattia},
  Publisher                = {MDPI AG},
  Timestamp                = {2018-04-20}
}

@Book{Williamson1994,
  Title                    = {Vagueness},
  Author                   = {Williamson, Timothy},
  Date                     = {1994},
  Year                     = {1994},
  ISBN                     = {0415033314},
  Pagetotal                = {325},
  Publisher                = {Routledge},

  Owner                    = {mattia},
  Timestamp                = {2019-08-26}
}

@Article{Winter2000,
  Title                    = {Uncertain topological relations between imprecise regions},
  Author                   = {Winter, Stephan},
  Year                     = {2000},
  Doi                      = {10.1080/13658810050057579},
  Language                 = {english},
  Number                   = {5},
  Pages                    = {411--430},
  Volume                   = {14},

  File                     = {:Winter2000.pdf:PDF},
  Groups                   = {Modéles vagues, Cecile},
  Journal                  = {International Journal of Geographical Information Science},
  Keywords                 = {logique floue, intension},
  Owner                    = {mattia},
  Publisher                = {Informa UK Limited},
  Timestamp                = {2017-10-13}
}

@Inbook{Wolter2018,
  Title                    = {Context and Vagueness in Automated Interpretation of Place Description: A Computational Model},
  Author                   = {Wolter, Diedrich and Yousaf, Madiha},
  Booktitle                = {Proceedings of Workshops and Posters at the 13th International Conference on Spatial Information Theory (COSIT 2017)},
  Date                     = {2018},
  Doi                      = {10.1007/978-3-319-63946-8_27},
  Editor                   = {Fogliaroni, Paolo and Ballatore, Andrea and Clementini, Eliseo},
  Language                 = {english},
  Pages                    = {137--142},
  Publisher                = {Springer International Publishing},

  Abstract                 = {We investigate automated interpretation of human-generated place descriptions. This paper presents work in progress towards a computational model that can represent spatial knowledge occurring in place descriptions and fosters efficient querying of a spatial database. In this paper we analyse how context information shapes the meaning of a place description and we outline a computational model to represent vague spatial knowledge and context occurring in human-generated place descriptions.},
  Groups                   = {Modéles vagues},
  Keywords                 = {2018, actes, cosit, de, objets, predicats, reference, skimmed, relevant},
  Owner                    = {mattia},
  Timestamp                = {2017-12-13}
}

@Article{Xu2007,
  Title                    = {Formalizing natural-language spatial relations between linear objects with topological and metric properties},
  Author                   = {Xu, Jun},
  Date                     = {2007-04},
  Journaltitle             = {International Journal of Geographical Information Science},
  Doi                      = {10.1080/13658810600894323},
  Language                 = {english},
  Number                   = {4},
  Pages                    = {377--395},
  Volume                   = {21},

  File                     = {:Xu2007.pdf:PDF},
  Groups                   = {Modéles vagues, Cecile},
  Keywords                 = {read, relevant},
  Owner                    = {mattia},
  Publisher                = {Informa UK Limited},
  Timestamp                = {2017-12-21}
}

@Article{Xu2007a,
  Title                    = {Natural Language Understanding of Spatial Relations Between Linear Geographic Objects},
  Author                   = {Xu, Jun and Mark, David},
  Date                     = {2007-12},
  Journaltitle             = {Spatial Cognition \& Computation},
  Doi                      = {10.1080/13875860701590855},
  Language                 = {english},
  Number                   = {4},
  Pages                    = {311--347},
  Volume                   = {7},

  File                     = {:Xu2007a.pdf:PDF},
  Groups                   = {Modéles vagues, Attributs},
  Owner                    = {mattia},
  Publisher                = {Informa UK Limited},
  Timestamp                = {2018-01-04}
}

@Inproceedings{Xu2006,
  Title                    = {Formalizing natural-language spatial relations descriptions with fuzzy decision tree algorithm},
  Author                   = {Xu, Jun and Yao, Changqing},
  Booktitle                = {Geoinformatics 2006: Geospatial Information Science},
  Date                     = {2006-10},
  Editor                   = {Jianya Gong and Jingxiong Zhang},
  Doi                      = {10.1117/12.712745},
  Eventtitle               = {Geoinformatics 2006: Geospatial Information Science},
  Language                 = {english},
  Location                 = {Wuhan},
  Publisher                = {SPIE},

  File                     = {:Xu2006.pdf:PDF},
  Groups                   = {Modéles vagues, Cecile},
  Keywords                 = {prio2, read, printed},
  Owner                    = {mattia},
  Timestamp                = {2017-12-21}
}

@Article{Zadeh1980,
  Title                    = {Fuzzy sets versus probability},
  Author                   = {Zadeh, Lotfi Aliasker},
  Date                     = {1980},
  Journaltitle             = {Fuzzy sets versus probability},
  Year                     = {1980},
  Doi                      = {10.1109/proc.1980.11659},
  Editor                   = {IEEE},
  Number                   = {3},
  Pages                    = {421},
  Volume                   = {68},

  Booktitle                = {Proceedings of the IEEE},
  Owner                    = {mattia},
  Timestamp                = {2019-09-13}
}

@Article{Zadeh1965,
  Title                    = {Fuzzy sets},
  Author                   = {Zadeh, Lotfi Aliasker},
  Date                     = {1965},
  Journaltitle             = {Information and Control},
  Doi                      = {10.1142/9789814261302_0021},
  Language                 = {english},
  Number                   = {3},
  Pages                    = {338--353},
  Url                      = {http://www.sciencedirect.com/science/article/pii/S001999586590241X},
  Volume                   = {8},

  File                     = {:Zadeh1965.pdf:PDF},
  Groups                   = {Modéles vagues},
  Keywords                 = {logique floue, skimmed, printed, prio1},
  Owner                    = {mattia},
  Publisher                = {Elsevier},
  Timestamp                = {2017-10-02}
}

@Article{Zadeh1978,
  Title                    = {Fuzzy Sets as a Basis for a Theory of Possibility},
  Author                   = {Zadeh, Lotfi Aliasker},
  Date                     = {1978},
  Journaltitle             = {Fuzzy Sets and Systems},
  Language                 = {english},
  Number                   = {3},
  Pages                    = {3--28},
  Volume                   = {28},

  File                     = {:Zadeh1978.pdf:PDF},
  Groups                   = {Modéles vagues},
  Keywords                 = {logique floue, prio2},
  Owner                    = {mattia},
  Timestamp                = {2017-10-06}
}

@Inproceedings{Zhan1997,
  Title                    = {Topological relations between fuzzy regions},
  Author                   = {Zhan, Benjamin},
  Booktitle                = {Proceedings of the 1997 ACM symposium on Applied computing},
  Date                     = {1997},
  Doi                      = {10.1145/331697.331738},
  Eventdate                = {1997},
  Eventtitle               = {Symposium on Applied Computing (SAC)},
  Language                 = {english},
  Location                 = {San Jose},
  Publisher                = {ACM Press},

  File                     = {:Zhan1997.pdf:PDF},
  Groups                   = {Modéles vagues},
  Keywords                 = {logique floue},
  Owner                    = {mattia},
  Timestamp                = {2017-10-27}
}

@Article{Zhan1998,
  Title                    = {Approximate analysis of binary topological relations between geographic regions with indeterminate boundaries},
  Author                   = {Zhan, Benjamin},
  Date                     = {1998-06},
  Journaltitle             = {Soft Computing - A Fusion of Foundations, Methodologies and Applications},
  Doi                      = {10.1007/s005000050032},
  Language                 = {english},
  Number                   = {2},
  Pages                    = {28--34},
  Volume                   = {2},

  File                     = {:Zhan1998.pdf:PDF},
  Groups                   = {Modéles vagues, Cecile},
  Keywords                 = {logique floue},
  Owner                    = {mattia},
  Publisher                = {Springer Nature},
  Timestamp                = {2017-10-27}
}

@Article{Zhang1998,
  Title                    = {Compensatory FDNF-FCNF Neurofuzzy Systems For Fuzzy Games},
  Author                   = {Zhang, Yan-Qing and Kandel, Abraham},
  Date                     = {1998-01},
  Journaltitle             = {Intelligent Automation \& Soft Computing},
  Doi                      = {10.1080/10798587.1998.10750727},
  Language                 = {english},
  Number                   = {2},
  Pages                    = {131--145},
  Volume                   = {4},

  File                     = {:Zhang1998.pdf:PDF},
  Keywords                 = {logique floue, réseaux de neurones},
  Owner                    = {mattia},
  Publisher                = {Informa UK Limited},
  Timestamp                = {2017-10-05}
}

@Phdthesis{Zoghlami2013,
  Title                    = {Modélisation et conception de systèmes d'information géographique gérant l'imprécision},
  Author                   = {Zoghlami, Asma},
  Date                     = {2013},
  Institution              = {Université Paris 8},
  Language                 = {french},
  Location                 = {Paris},
  Pagetotal                = {231},
  Type                     = {phdthesis},

  File                     = {:Zoghlami2013.pdf:PDF},
  Groups                   = {Modéles vagues},
  Keywords                 = {prio1},
  Owner                    = {mattia},
  Timestamp                = {2017-10-25}
}

@Article{Zoghlami2016,
  Title                    = {F-perceptory: an approach for handling fuzziness of spatiotemporal data in geographical databases},
  Author                   = {Zoghlami, Asma and de Runz, Cyril and Akdag, Herman},
  Date                     = {2016},
  Journaltitle             = {International Journal of Spatial, Temporal and Multimedia Information Systems},
  Language                 = {english},
  Number                   = {1},
  Pages                    = {30--62},
  Volume                   = {1},

  File                     = {:Zoghlami2016.pdf:PDF},
  Groups                   = {Modéles vagues},
  Keywords                 = {logique floue, prio1, Implémentation, skimmed, relevant},
  Owner                    = {mattia},
  Publisher                = {Inderscience Publishers (IEL)},
  Timestamp                = {2017-10-10}
}

@Collection{Aiello2007,
  date      = {2007},
  editor    = {Aiello, Marco and Partt-Hartmann, Ian and Van Benthem, Johan},
  title     = {Handbook of Spatial Logics},
  doi       = {10.1007/978-1-4020-5587-4},
  isbn      = {978-1-4020-5587-4},
  language  = {english},
  pagetotal = {1081},
  publisher = {Springer},
  file      = {:Aiello2007.pdf:PDF},
  groups    = {mattia:1},
  owner     = {mattia},
  timestamp = {2018-09-26},
}

@Collection{Bloom1996,
  date      = {1996},
  editor    = {Bloom, Paul ang Garrett, Merrill and Nadel, Lynn and Peterson, Mary},
  title     = {Language and Space},
  isbn      = {9780262268806},
  language  = {english},
  pages     = {616},
  file      = {:Bloom1996.pdf:PDF},
  groups    = {mattia:1},
  keywords  = {_noCite},
  owner     = {mattia},
  timestamp = {2018-01-24},
}

@Collection{Caluwe2004,
  date      = {2004},
  editor    = {de Caluwe, Rita and de Tré, Guy and Bordogna, Gloria},
  title     = {Spatio-Temporal Databases},
  doi       = {10.1007/978-3-662-09968-1},
  foreword  = {Zadeh, Lotfi},
  language  = {english},
  publisher = {Springer Berlin Heidelberg},
  file      = {:Caluwe2004.pdf:PDF},
  groups    = {mattia:1},
  keywords  = {_noCite},
  owner     = {mattia},
  timestamp = {2017-12-13},
}

@Collection{Castillo2015,
  date      = {2015},
  editor    = {Oscar Castillo and Patricia Melin},
  title     = {Fuzzy Logic Augmentation of Nature-Inspired Optimization Metaheuristics},
  doi       = {10.1007/978-3-319-10960-2},
  language  = {english},
  maintitle = {Studies in Computational Intelligence},
  publisher = {Springer International Publishing},
  file      = {:Castillo2015.pdf:PDF},
  groups    = {mattia:1},
  keywords  = {logique floue, prio2, _noCite},
  owner     = {mattia},
  priority  = {prio2},
  timestamp = {2017-10-09},
}

@Collection{Corna-Pellegrini1987,
  Title                    = {Aspetti e problemi della geographia},
  Date                     = {1987},
  Editor                   = {Corna-Pellegrini, Giacomo},
  Year                     = {1987},
  Language                 = {italian},
  Volumes                  = {2},

  Owner                    = {mattia},
  Timestamp                = {2019.08.26}
}

@Collection{Egenhofer2011,
  date      = {2011},
  editor    = {Egenhofer, Max and Giudice, Nicholas and Moratz, Reinhard and Worboys, Michael},
  title     = {Spatial Information Theory},
  doi       = {10.1007/978-3-642-23196-4},
  foreword  = {Egenhofer, Max and Giudice, Nicholas and Worboys, Reinhard and Mike, Moratz},
  language  = {english},
  publisher = {Springer},
  subtitle  = {10th International Conference COSIT 2011},
  file      = {:Egenhofer2011.pdf:PDF},
  groups    = {mattia:1},
  keywords  = {_noCite},
  owner     = {mattia},
  timestamp = {2018-01-11},
}

@Collection{Fabrikant2015,
  date      = {2015},
  editor    = {Fabrikant, Sara Irina and Raubal, Martin and Bertolotto, Michela and Davies, Clare and Freundschuh, Scott and Bell, Scott},
  title     = {Spatial Information Theory},
  doi       = {10.1007/978-3-319-23374-1},
  language  = {english},
  publisher = {Springer International Publishing},
  subtitle  = {12th International Conference COSIT 2015},
  file      = {:Fabrikant2015.pdf:PDF},
  groups    = {mattia:1},
  keywords  = {_noCite},
  owner     = {mattia},
  timestamp = {2018-01-23},
}

@Collection{Fogliaroni2017,
  date      = {2017},
  editor    = {Fogliaroni, Paolo and Ballatore, Andrea and Clementini, Eliseo},
  title     = {Proceedings of Workshops and Posters at the 13th International Conference on Spatial Information Theory (COSIT 2017)},
  foreword  = {Fogliaroni, Paolo and Ballatore, Andrea and Clementini, Eliseo},
  language  = {english},
  publisher = {Springer},
  file      = {:Fogliaroni2017.pdf:PDF},
  groups    = {mattia:1},
  keywords  = {_noCite},
  owner     = {mattia},
  timestamp = {2017-12-13},
}

@Collection{Frank1995,
  date      = {1995},
  editor    = {Frank, Andrew and Kuhn, Werner},
  title     = {Spatial Information Theory A Theoretical Basis for GIS},
  doi       = {10.1007/3-540-60392-1},
  language  = {english},
  publisher = {Springer Berlin Heidelberg},
  file      = {:Frank1995.pdf:PDF},
  groups    = {mattia:1},
  keywords  = {_noCite},
  owner     = {mattia},
  timestamp = {2018-01-12},
}

@Collection{Freksa2008,
  date      = {2008},
  editor    = {Freksa, Christian and Newcombe, Nora and Gärdenfors, Peter and Wölfl, Stefan},
  title     = {Spatial Cognition VI. Learning, Reasoning, and Talking about Space},
  doi       = {10.1007/978-3-540-87601-4},
  language  = {english},
  publisher = {Springer Berlin Heidelberg},
  file      = {:Freksa2008.pdf:PDF},
  groups    = {mattia:1},
  keywords  = {_noCite},
  owner     = {mattia},
  timestamp = {2018-01-24},
}

@Collection{Hampe2005,
  date      = {2005},
  editor    = {Hampe, Beate},
  title     = {From Perception to Meaning: Image Schema in Cognitive Linguistics},
  isbn      = {978-3-11-018311-5},
  language  = {english},
  publisher = {de Gruyter Mouton},
  file      = {:Hampe2005.pdf:PDF},
  groups    = {mattia:1},
  owner     = {mattia},
  timestamp = {2018-01-24},
}

@Collection{Herbert1983,
  date      = {1983},
  editor    = {Herbert, Pick and Acredolo, Linda},
  title     = {Spatial Orientation: Theory, Research, and Application},
  language  = {english},
  file      = {:Herbert1983.pdf:PDF},
  groups    = {mattia:1},
  keywords  = {_noCite},
  owner     = {mattia},
  timestamp = {2018-01-23},
}

@Collection{Kacprzyk2010,
  date      = {2010},
  editor    = {Kacprzyk, Janusz and Petry, Frederick and Yazici, Adnan},
  title     = {Uncertainty Approaches for Spatial Data Modeling and Processing},
  foreword  = {Yager, Ronald},
  language  = {english},
  subtitle  = {A Decision Support Perspective},
  file      = {:Kacprzyk2010.pdf:PDF},
  groups    = {mattia:1},
  keywords  = {_noCite},
  owner     = {mattia},
  timestamp = {2017-11-20},
}

@Collection{Motro1997,
  date      = {1997},
  editor    = {Motro, Amihai and Smets, Philippe},
  title     = {Uncertainty Management in Information Systems},
  doi       = {10.1007/978-1-4615-6245-0},
  language  = {english},
  location  = {New York},
  pagetotal = {472},
  publisher = {Springer US},
  file      = {:Motro1997.pdf:PDF},
  groups    = {mattia:1},
  owner     = {mattia},
  timestamp = {2018-09-27},
}

@Collection{Petry2005,
  date      = {2005},
  editor    = {Petry, Frederick and Robinson, Vincent and Cobb, Maria},
  title     = {Fuzzy Modeling with Spatial Information for Geographic Problems},
  doi       = {10.1007/b138243},
  language  = {english},
  publisher = {Springer Berlin Heidelberg},
  file      = {:Petry2005.pdf:PDF},
  groups    = {mattia:1},
  keywords  = {_noCite},
  owner     = {mattia},
  timestamp = {2017-12-13},
}

@Collection{Shekhar2008,
  date      = {2008},
  editor    = {Shekhar, Shashi and Xiong, Hui},
  title     = {Encyclopedia of GIS},
  language  = {english},
  file      = {:Shekhar2008.pdf:PDF},
  groups    = {mattia:1},
  keywords  = {_noCite},
  owner     = {mattia},
  timestamp = {2017-11-06},
  year      = {2008},
}

@Collection{Stock1997,
  date      = {1997},
  editor    = {Stock, Oliviero},
  title     = {Spatial and Temporal Reasoning},
  doi       = {10.1007/978-0-585-28322-7},
  language  = {english},
  publisher = {Springer Netherlands},
  file      = {:Stock1997.pdf:PDF},
  groups    = {mattia:1},
  keywords  = {_noCite},
  owner     = {mattia},
  timestamp = {2018-01-24},
}

@Collection{Weld1990,
  date      = {1990},
  editor    = {Weld, Daniel and de Kleer, Johan},
  title     = {Qualitative Reasoning about Physical Systems},
  language  = {english},
  pagetotal = {719},
  file      = {:Weld1990.pdf:PDF},
  groups    = {mattia:1},
  keywords  = {_noCite},
  owner     = {mattia},
  timestamp = {2018-01-12},
}

@Collection{Zelinsky-Wibbelt1993,
  date      = {1993-01-01},
  editor    = {Zelinsky-Wibbelt, Cornelia},
  title     = {The Semantics of Prepositions},
  isbn      = {9783110872576},
  language  = {english},
  pagetotal = {526},
  publisher = {de Gruyter, Walter},
  subtitle  = {From Mental Processing to Natural Language},
  url       = {http://www.ebook.de/de/product/19210426/the_semantics_of_prepositions.html},
  ean       = {9783110872576},
  file      = {:Zelinsky-Wibbelt1993.pdf:PDF},
  groups    = {mattia:1},
  keywords  = {_noCite},
  owner     = {mattia},
  timestamp = {2018-01-23},
  year      = {1993},
}

@InCollection{Hajek2019,
  author    = {Hájek, Alan},
  booktitle = {The Stanford Encyclopedia of Philosophy},
  title     = {Interpretations of Probability},
  edition   = {Fall 2019},
  editor    = {Edward N. Zalta},
  language  = {english},
  publisher = {Metaphysics Research Lab, Stanford University},
  url       = {https://plato.stanford.edu/entries/probability-interpret/},
  urldate   = {2020-06-09},
  owner     = {mbunel},
  timestamp = {2020-04-09},
  year      = {2019},
}

@InCollection{Sorensen2018,
  author       = {Sorensen, Roy},
  booktitle    = {The Stanford Encyclopedia of Philosophy},
  title        = {Vagueness},
  edition      = {Summer 2018},
  editor       = {Edward N. Zalta},
  language     = {english},
  publisher    = {Metaphysics Research Lab, Stanford University},
  url          = {https://plato.stanford.edu/archives/sum2018/entries/vagueness/},
  urldate      = {2020-04-09},
  howpublished = {\url{https://plato.stanford.edu/archives/sum2018/entries/vagueness/}},
  owner        = {mbunel},
  timestamp    = {2020-04-09},
  year         = {2018},
}

@InCollection{Hyde2018,
  author    = {Hyde, Dominic and Raffman, Diana},
  booktitle = {The Stanford Encyclopedia of Philosophy},
  date      = {2018},
  title     = {Sorites Paradox},
  edition   = {Summer 2018},
  editor    = {Edward N. Zalta},
  language  = {english},
  publisher = {Metaphysics Research Lab, Stanford University},
  url       = {https://plato.stanford.edu/archives/sum2018/entries/sorites-paradox/},
  urldate   = {2020-04-09},
  owner     = {mbunel},
  timestamp = {2020-04-09},
}

@InCollection{Gottwald2020,
  author    = {Gottwald, Siegfried},
  booktitle = {The Stanford Encyclopedia of Philosophy},
  date      = {2020},
  title     = {Many-Valued Logic},
  edition   = {Summer 2020},
  editor    = {Edward N. Zalta},
  language  = {english},
  publisher = {Metaphysics Research Lab, Stanford University},
  url       = {https://plato.stanford.edu/archives/sum2020/entries/logic-manyvalued/},
  urldate   = {2020-04-09},
  owner     = {mbunel},
  timestamp = {2020-04-09},
}

@Collection{Zalta2020,
  date      = {2020},
  editor    = {Edward N. Zalta},
  title     = {The Stanford Encyclopedia of Philosophy},
  language  = {english},
  url       = {https://plato.stanford.edu/},
  owner     = {mbunel},
  timestamp = {2020-04-09},
}

@InCollection{Cintula2017,
  author    = {Cintula, Petr, Fermüller, Christian G. and Noguera, Carles},
  booktitle = {The Stanford Encyclopedia of Philosophy},
  date      = {2017},
  title     = {Fuzzy Logic},
  edition   = {Fall 2017},
  editor    = {Edward N. Zalta},
  publisher = {Metaphysics Research Lab, Stanford University},
  url       = {https://plato.stanford.edu/archives/fall2017/entries/logic-fuzzy/},
  owner     = {mbunel},
  timestamp = {2020-04-09},
}

@Book{Frege1884,
  author       = {Frege, Gottlob},
  date         = {1884},
  title        = {The Foundations of Arithmetic},
  language     = {english},
  origlanguage = {german},
  translator   = {Austin, John Langshaw},
  file         = {:PDF/Frege1884.pdf:PDF},
  owner        = {mbunel},
  timestamp    = {2020-04-11},
}

@InProceedings{Bloch1996,
  author    = {Bloch, Isabelle},
  booktitle = {Proceedings of 3rd IEEE International Conference on Image Processing},
  title     = {Fuzzy relative position between objects in images: a morphological approach},
  pages     = {987-990},
  volume    = {2},
  owner     = {mbunel},
  timestamp = {2020-04-18},
  year      = {1996},
}

@Article{Didelon2011,
  author       = {Didelon, Clarisse and de Ruffray, Sophie and Boquet, Mathias and Lambert, Nicolas},
  journaltitle = {The Cartographic Journal},
  title        = {A World of Interstices: A Fuzzy Logic Approach to the Analysis of Interpretative Maps},
  doi          = {10.1179/1743277411Y.0000000009},
  number       = {2},
  pages        = {100-107},
  volume       = {48},
  journal      = {The Cartographic Journal},
  owner        = {mbunel},
  publisher    = {Taylor \& Francis},
  timestamp    = {2020-04-18},
  year         = {2011},
}

@Article{Simo2018,
  author       = {Simo, Ulrich Florian and Gwét, Henri},
  journaltitle = {International Journal of Mathematics and Mathematical Sciences},
  title        = {Fuzzy Triangular Aggregation Operators},
  doi          = {10.1155/2018/9209524},
  issn         = {0161-1712},
  language     = {ensglish},
  origlanguage = {english},
  pages        = {1-13},
  volume       = {2018},
  owner        = {mbunel},
  timestamp    = {2020-04-22},
  year         = {2018},
}

@Article{Descamps2018,
  author       = {Descamps, Philippe},
  date         = {2018},
  journaltitle = {Le Monde diplomatique},
  title        = {Dernier de cordée},
  language     = {french},
  origlanguage = {french},
  url          = {www.monde-diplomatique.fr/2018/01/DESCAMPS/58268},
  groups       = {Presse},
  keywords     = {source},
  owner        = {mbunel},
  timestamp    = {2020-05-18},
}

@Article{Muscat2015,
  author       = {Muscat, Aurélie and Favre, Olivier},
  date         = {2015},
  journaltitle = {Gend'info},
  title        = {GENDLOC: Une géolocalisation simple et rapide},
  issue        = {381},
  language     = {french},
  pages        = {39},
  file         = {:PDF/Muscat2015.pdf:PDF},
  groups       = {Presse},
  keywords     = {source},
  owner        = {mbunel},
  timestamp    = {2020-05-19},
}

@WWW{Elie2006,
  author    = {Elie, Antoine and Balmain, Olivier},
  date      = {2006},
  title     = {Historique du groupement hélicoptère sécurité civile en montagne},
  url       = {http://helicomontage.fr/Securite_civile.html},
  urldate   = {2020-05-19},
  groups    = {Presse},
  keywords  = {source},
  owner     = {mbunel},
  timestamp = {2020-05-19},
}

@Online{Lafond,
  author    = {Lafond, Marc},
  title     = {Quelques dates marquant l'évolution du Groupement Hélicoptère},
  url       = {http://www.sdsm38.fr/page.php?al=histsm},
  language  = {french},
  urldate   = {2020-05-19},
  groups    = {Presse},
  keywords  = {source},
  owner     = {mbunel},
  timestamp = {2020-05-19},
}

@Article{Halle2007,
  author       = {Halle, Caroline and Albasini, François},
  date         = {2007},
  journaltitle = {Médecine d'urgence},
  title        = {Organisation des secours en montagne},
  doi          = {10.1016/S0000-0000(07)41572-8},
  file         = {:Halle2007.pdf:PDF},
}

@Online{Lafond2011b,
  author    = {Lafond, Marc},
  date      = {2011},
  title     = {Historique de l'Hélitreuillage (2\up{ème} époque)},
  url       = {http://www.sdsm38.fr/page.php?id=64},
  urldate   = {2020-05-19},
  keywords  = {source},
  owner     = {mbunel},
  timestamp = {2020-05-19},
}

@Online{Lafond2011a,
  author    = {Lafond, Marc},
  date      = {2011},
  title     = {Historique de l'Hélitreuillage (1\up{ère} époque)},
  url       = {http://www.sdsm38.fr/page.php?id=40},
  urldate   = {2020-05-19},
  keywords  = {source},
  owner     = {mbunel},
  timestamp = {2020-05-19},
}

@Online{Mollaret2016,
  author    = {Mollaret, Raymond},
  date      = {2016},
  title     = {Une grosse opération SDSM et la première intervention des CRS en Montagne !},
  url       = {http://www.sdsm38.fr/page.php?id=257},
  language  = {french},
  urldate   = {2020-05-19},
  keywords  = {source},
  owner     = {mbunel},
  timestamp = {2020-05-19},
}

@Online{CFDLD,
  author       = {{Centre Fédéral de Documentation Lucien Devies}},
  date         = {2020},
  title        = {Un historique du Secours en montagne jusqu'en 1972},
  url          = {http://centrefederaldedocumentation.ffcam.fr/secoursenmontagne.html},
  language     = {french},
  organization = {{Club Alpin français}},
  urldate      = {2020-05-19},
  keywords     = {source},
  owner        = {mbunel},
  timestamp    = {2020-05-19},
}

@Online{Ministere2013,
  author    = {{Ministère de l'Intérieur}},
  date      = {2013},
  title     = {1972 - Les patients anglais se souviennent},
  url       = {https://www.interieur.gouv.fr/Archives/Archives-des-dossiers/2013-Dossiers/1972-Les-patients-anglais-se-souviennent},
  urldate   = {2020-05-19},
  keywords  = {source},
  owner     = {mbunel},
  timestamp = {2020-05-19},
}

@Article{Romanaz2018,
  author       = {Romanaz, Sylvaine},
  date         = {2018},
  journaltitle = {Le Dauphiné Libéré},
  title        = {L'histoire du dimanche... 1948, deux alpinistes piégés, 100 pour les sauver},
  keywords     = {source},
  owner        = {mbunel},
  timestamp    = {2020-05-19},
}

@Article{Mollaret1993,
  author       = {Mollaret, Raymond},
  date         = {1993},
  journaltitle = {La Montagne et Alpinisme : revue du Club alpin français et du Groupe de haute montagne},
  title        = {Secours en montagne hier et aujourd'hui},
  language     = {french},
  url          = {https://gallica.bnf.fr/ark:/12148/bpt6k9765607p/f13.vertical},
  urldate      = {2020-05-19},
  keywords     = {source},
  owner        = {mbunel},
  timestamp    = {2020-05-19},
}

@Online{SDSM2013,
  author    = {{Societe Dauphinoise de Secours en Montagne}},
  date      = {2013},
  title     = {L'Obiou ? Un seul sommet mais 2 interventions historiques de la S.D.S.M. !},
  url       = {http://www.sdsm38.fr/page.php?id=139},
  urldate   = {2020-05-19},
  keywords  = {source},
  owner     = {mbunel},
  timestamp = {2020-05-19},
}

@Book{Ballu1997,
  author       = {Ballu, Yves},
  date         = {1997},
  title        = {Naufrage au mont Blanc},
  isbn         = {2-7234-2465-0},
  origlanguage = {french},
  publisher    = {Glénat},
  subtitle     = {L'affaire Vincendon et Henry},
  keywords     = {source},
  owner        = {mbunel},
  timestamp    = {2020-05-19},
}

@BookInBook{Mezin2016,
  author       = {Mézin, Florent},
  booktitle    = {Ordre, sécurité et secours en montagne},
  date         = {2016},
  title        = {Saint Bernard au secours de montagnards égarés},
  booksubtitle = {Police et territoire (\bsc{xix}\up{e}--\bsc{xxi}\up{e} siècles)},
  chapter      = {7},
  editor       = {Lignereux, Aurélien},
  language     = {french},
  pages        = {123--140},
  publisher    = {Presses universitaires de Grenoble},
  series       = {Montagne et innovation},
  owner        = {mbunel},
  timestamp    = {2020-05-20},
}

@BookInBook{Robbins2000,
  author    = {Robbins, Royal},
  booktitle = {Voices from the Summit: The World's Great Mountaineers on the Future of Climbing},
  date      = {2000},
  title     = {Standing on the Shoulders: A Tribute to my Heroes},
  editor    = {McDonald, Bernadette and Amatt, John},
  publisher = {Banff Centre for Mountain Culture},
  url       = {http://www.frostworksclimbing.com/standing on the shoulders.html},
  owner     = {mbunel},
  timestamp = {2020-05-20},
}

@Online{ContributeursWikipedia2020,
  author    = {{Contributeurs Wikipédia}},
  date      = {2020},
  title     = {Face ouest des Drus},
  url       = {https://fr.wikipedia.org/wiki/Face_ouest_des_Drus},
  language  = {french},
  urldate   = {2020-05-20},
  owner     = {mbunel},
  timestamp = {2020-05-20},
}

@Online{ContributeursWikipedia2020a,
  author    = {{Contributeurs Wikipédia}},
  date      = {2020},
  title     = {Éxpédition italienne au K2 de 1954},
  url       = {https://fr.wikipedia.org/wiki/Expédition_italienne_au_K2_de_1954},
  urldate   = {2020-05-27},
  owner     = {mbunel},
  timestamp = {2020-05-20},
}

@Online{ContributeursWikipedia2020b,
  author    = {{Contributeurs Wikipédia}},
  date      = {2020},
  title     = {Guide de haute montagne},
  url       = {https://fr.wikipedia.org/wiki/Guide_de_haute_montagne},
  urldate   = {2020-05-20},
  owner     = {mbunel},
  timestamp = {2020-05-20},
}

@Misc{Caille2016,
  author    = {Caille, Frédéric},
  date      = {2016},
  title     = {Amitié et dévouement : une histoire des Sauveteurs Volontaires du Salève},
  language  = {french},
  note      = {Bref article en lien avec une conf{\'e}rence grand public, paru dans la Revue municipale de Collonges-sous-Sal{\`e}ve (Hte-Savoie), hiver 2016.},
  url       = {https://halshs.archives-ouvertes.fr/halshs-01357273},
  owner     = {mbunel},
  timestamp = {2020-05-20},
  year      = {2016},
}

@BookInBook{Devies1946,
  author       = {Devies, Lucien},
  booktitle    = {La Montagne},
  date         = {1946},
  title        = {L'organisation des secours en montagne en France},
  booksubtitle = {revue mensuelle du Club alpin français},
  editor       = {Paillon, Maurice},
  pages        = {67--70},
  publisher    = {{Club Alpin Français}},
  url          = {https://gallica.bnf.fr/ark:/12148/bpt6k9764731c/f93.item},
  urldate      = {2020-05-20},
  volume       = {11},
  owner        = {mbunel},
  timestamp    = {2020-05-20},
}

@BookInBook{Thomas1911,
  author       = {Thomas, Th.},
  booktitle    = {La Montagne},
  date         = {1911},
  title        = {L'accident de l'Aiguille du Plan},
  booksubtitle = {revue mensuelle du Club alpin français},
  editor       = {Paillon, Maurice},
  language     = {french},
  pages        = {571--581},
  publisher    = {{Club Alpin Français}},
  subtitle     = {Sauvetage du corps de m. caillet. quelques réflexionssur les méthodes de sauvetage},
  url          = {https://gallica.bnf.fr/ark:/12148/bpt6k9809078h/f233.item},
  urldate      = {2020-05-20},
  owner        = {mbunel},
  timestamp    = {2020-05-20},
}

@Online{Tresor2020,
  author    = {{Trésor de la langue française}},
  date      = {2020},
  editor    = {ATILF},
  title     = {Vire},
  url       = {https://www.cnrtl.fr/definition/vire},
  language  = {french},
  urldate   = {2020-05-20},
  owner     = {mbunel},
  timestamp = {2020-05-20},
}

@InProceedings{Rocourt2014,
  author     = {Rocourt, France},
  booktitle  = {Urgences 2014},
  date       = {2014},
  title      = {Histoire et évolution du secours en montagne},
  eventtitle = {Urgences 2014},
  language   = {french},
  publisher  = {Société Française de Médecine d'Urgence},
  owner      = {mbunel},
  timestamp  = {2020-05-21},
}

@Article{Magne2017,
  author       = {Magne, Bruno},
  date         = {2017},
  journaltitle = {Magazine sapeurs-pompiers de France},
  title        = {Où s’applique la gratuité des secours en montagne ?},
  number       = {1101},
  owner        = {mbunel},
  timestamp    = {2020-05-21},
}

@Online{Boillot2017,
  author    = {Boillot, Floriane},
  date      = {2017},
  title     = {Secours en montagne : un partenariat original},
  url       = {https://www.interieur.gouv.fr/fr/Archives/Archives-des-dossiers/2017-Dossiers/La-Haute-Savoie/Secours-en-montagne-un-partenariat-original},
  owner     = {mbunel},
  timestamp = {2020-05-21},
}

@Article{Soule2002,
  author       = {Soulé, Bastien and Corneloup, Jean},
  date         = {2002},
  journaltitle = {Cahiers de la Sécurité},
  title        = {Logiques d'action et conflits entre intervenants du secours en montagne},
  number       = {48},
  url          = {https://hal.archives-ouvertes.fr/halshs-00380472},
  owner        = {mbunel},
  timestamp    = {2020-05-22},
}

@Report{Ganser2012,
  author      = {Ganser and Hayez and Geoffroy and Uguen and Carpentier and Rogue and Martin},
  date        = {2012},
  institution = {{Cours des comptes}},
  title       = {Organisation du secours en montagne et de la surveillance des plages},
  type        = {techreport},
  url         = {https://www.ccomptes.fr/fr/publications/organisation-du-secours-en-montagne-et-de-la-surveillance-des-plages},
  owner       = {mbunel},
  timestamp   = {2020-05-22},
}

@Article{Gauchon2014,
  author       = {Gauchon, Christophe},
  date         = {2014},
  journaltitle = {Revue de géographie alpine},
  title        = {Frédérique Novat, Arthur Novat, Laurent Belluard, Plans des pistes, les domaines skiables de France dessinés par Pierre Novat},
  owner        = {mbunel},
  timestamp    = {2020-05-24},
}

@Online{LaPorte2017,
  author    = {de La Porte, Xavier},
  date      = {2017},
  title     = {De la belle inexactitude des plans de pistes de ski},
  url       = {https://www.nouvelobs.com/rue89/sur-le-radar/20170217.OBS5431/de-la-belle-inexactitude-des-plans-de-pistes-de-ski.html},
  groups    = {Presse},
  keywords  = {source},
  owner     = {mbunel},
  timestamp = {2020-05-24},
}

@InCollection{Varzi2015,
  author    = {Varzi, Achille},
  booktitle = {The Stanford Encyclopedia of Philosophy},
  title     = {Boundary},
  edition   = {Winter 2015},
  editor    = {Edward N. Zalta},
  language  = {english},
  publisher = {Metaphysics Research Lab, Stanford University},
  url       = {https://plato.stanford.edu/archives/win2015/entries/boundary/},
  urldate   = {2020-04-09},
  owner     = {mbunel},
  timestamp = {2020-06-09},
  year      = {2015},
}

@Article{Castanedo2013,
  author       = {Castanedo, Frederico},
  date         = {2013},
  journaltitle = {The Scientific World Journal},
  title        = {A Review of Data Fusion Techniques},
  doi          = {10.1155/2013/704504},
  language     = {english},
  owner        = {mbunel},
  timestamp    = {2020-06-09},
}

@InBook{Aurnague1997,
  author    = {Aurnague, Michel and Vieu, Laure and Borillo, Andrée},
  booktitle = {Langage et cognition spatiale},
  date      = {1997},
  title     = {Représentation formelle des concepts spatiaux dans la langue},
  editor    = {Denis, Michel},
  language  = {french},
  location  = {Paris},
  pages     = {69-102},
  publisher = {Masson},
  owner     = {mbunel},
  timestamp = {2020-06-10},
}

@Article{Frege2019,
  author       = {Frege, Gottlob},
  date         = {2019},
  journaltitle = {Borderless Philosophy},
  title        = {On the Scientific Justification of a Concept Script},
  commentator  = {Keller, Andreas and Forsee, Tina},
  language     = {english},
  origlanguage = {german},
  translator   = {Keller, Andreas and Forsee, Tina},
  url          = {https://docs.wixstatic.com/ugd/e2a905_ab9239dc83884164b9bc8d26087d8f39.pdf},
  urldate      = {2020-06-10},
  volume       = {2},
  owner        = {mbunel},
  timestamp    = {2020-06-11},
}

@Article{Frege1882,
  author       = {Frege, Gottlob},
  date         = {1882},
  journaltitle = {Zeitschrift für Philosophie und philosophische Kritik},
  title        = {Über die wissenschaftliche Berechtigung einer Begriffsschrift},
  language     = {german},
  number       = {81},
  owner        = {mbunel},
  timestamp    = {2020-06-12},
}

@Book{Frege1879,
  author    = {Frege, Gottlob},
  date      = {1879},
  title     = {Begriffsschrift},
  language  = {german},
  subtitle  = {Eine der arithmetischen nachgebildete Formelsprache des reinen Denkens},
  url       = {https://gallica.bnf.fr/ark:/12148/bpt6k65658c},
  urldate   = {2020-06-10},
  owner     = {mbunel},
  timestamp = {2020-06-13},
}

@Book{Frege1999,
  author       = {Frege, Gottlob},
  date         = {1999},
  title        = {L’idéographie},
  commentator  = {Besson, Corine},
  language     = {french},
  location     = {Paris},
  origlanguage = {german},
  publisher    = {Vrin},
  translator   = {Besson, Corine},
  owner        = {mbunel},
  timestamp    = {2020-06-13},
}

@Article{Bunel2020,
  author       = {Bunel, Mattia},
  date         = {2020},
  journaltitle = {Cybergéo},
  title        = {Un état de l'art sur l'imprécision spatiale et sa modélisation},
  pubstate     = {à paraitre},
  owner        = {mbunel},
  timestamp    = {2020-06-13},
}

@Article{Tye1994,
  author       = {Tye, Michael},
  date         = {1994},
  journaltitle = {Philosophical perspectives},
  title        = {Sorites paradoxes and the semantics of vagueness},
  pages        = {189--206},
  volume       = {8},
  owner        = {mbunel},
  publisher    = {JSTOR},
  timestamp    = {2020-06-13},
}

@Report{Duchene2019,
  author      = {Duchêne, Cécile and Olteanu-Raimond, Ana-Maria and Bunel, Mattia and Brasebin, Mickael},
  date        = {2019},
  institution = {ANR Choucas},
  title       = {État de l’art sur les relations de localisation},
  type        = {resreport},
  subtitle    = {Livrable 3.2.1},
  owner       = {mbunel},
  timestamp   = {2020-06-14},
}

@Article{Niskanen1989,
  author       = {Niskanen, Vesa},
  date         = {1989},
  journaltitle = {Publications of the Society for Artificial Intelligence in Finland},
  title        = {Introduction to imprecise reasoning, uncertainty, decision making and knowledge engineering},
  language     = {english},
  volume       = {1},
  owner        = {mbunel},
  timestamp    = {2020-06-15},
}

@PhdThesis{Jolivet2014,
  author      = {Jolivet, Laurence},
  date        = {2014},
  institution = {IGN},
  title       = {Modélisation des déplacements d'animaux dans un espace géographique --- Analyse et simulation},
  owner       = {mbunel},
  timestamp   = {2020-06-15},
}

@PhdThesis{Dumont2018,
  author      = {Dumont, Marion},
  date        = {2018},
  institution = {IGN},
  title       = {Généralisation de représentations intermédiaires dans une carte topographique multi-échelle pour faciliter la navigation de l'utilisateur},
  owner       = {mbunel},
  timestamp   = {2020-06-15},
}

@PhdThesis{OletanuRaimond2008,
  author      = {Oletanu-Raimond, Ana-Maria},
  date        = {2008},
  institution = {IGN},
  title       = {Fusion de connaissances imparfaites pour l'appariement de données géographiques},
  subtitle    = {Proposition d'une approche s'appuyant sur la théorie des fonctions de croyances},
  owner       = {mbunel},
  timestamp   = {2020-06-15},
}

@InProceedings{Viry2019,
  author    = {Viry, Matthieu and Villanova-Oliver, Marlène},
  booktitle = {{Sageo}},
  date      = {2019},
  title     = {L'ontologie d'alerte CHOUCAS: de la modélisation des connaissances à un outil support d'un raisonnement géovisuel},
  subtitle  = {Application à la recherche de victime en haute-montagne},
  url       = {https://hal.inria.fr/hal-02279330},
  address   = {Clermont-Ferrand, France},
  month     = Nov,
  owner     = {mbunel},
  timestamp = {2020-06-22},
  year      = {2019},
}

@Book{Shafer1976,
  author    = {Shafer, Glenn},
  date      = {1976},
  title     = {A Mathematical Theory of Evidence},
  publisher = {Princeton University Press},
  owner     = {mbunel},
  timestamp = {2020-06-24},
}

@Article{RetzSchmidt1988,
  author       = {Retz-Schmidt, Gudula},
  date         = {1988},
  journaltitle = {AI Magazine},
  title        = {Various Views on Spatial Prepositions},
  language     = {english},
  number       = {2},
  volume       = {9},
  file         = {:RetzSchmidt1988.pdf:PDF},
  owner        = {mbunel},
  timestamp    = {2020-06-29},
}

@InCollection{Pustejovsky2017,
  author    = {Pustejovsky, James},
  booktitle = {Handbook of Linguistic Annotation},
  date      = {2017},
  title     = {ISO-Space: Annotating Static and Dynamic Spatial Information},
  doi       = {https://doi.org/10.1007/978-94-024-0881-2_37},
  editor    = {Ide, Nancy and Pustejovsky, James},
  location  = {Dordrecht},
  publisher = {Springer Netherlands},
  owner     = {mbunel},
  timestamp = {2020-06-29},
}

@Book{Gacogne1997,
  author    = {Gacôgne, Louis},
  date      = {1997},
  title     = {Éléments de logique floue},
  publisher = {Hermes},
  owner     = {mbunel},
  timestamp = {2020-06-29},
}

@Article{Naismith1892,
  author       = {Naismith, William},
  date         = {1892},
  journaltitle = {Scottish Mountaineering Club Journal},
  title        = {Excursions. Cruach Ardran, Stobinian, and Ben More},
  language     = {english},
  number       = {3},
  pages        = {136},
  volume       = {2},
  owner        = {mbunel},
  timestamp    = {2020-06-30},
}

@PhdThesis{Kerouanton2020,
  author      = {Kerouanton, Colin},
  date        = {2020},
  institution = {Université Grenoble-Alpes},
  title       = {Analyse spatio-temporelle des mobilités de randonneurs dans le PNR du Massif des Bauges},
  owner       = {mbunel},
  timestamp   = {2020-06-30},
}

@TechReport{Tobler1993,
  author      = {Tobler, Waldo},
  date        = {1993},
  institution = {National Center for Geographic Information and Analysis},
  title       = {Three Presentations on Geographical Analysis and Modeling},
  language    = {english},
  subtitle    = {Non-isotropic Geographic Modeling, Speculations on the Geometry of Geography, Global Spatial Analysis},
  url         = {http://www.geodyssey.com/papers/tobler93.html},
  urldate     = {2020-06-30},
  owner       = {mbunel},
  timestamp   = {2020-06-30},
}

@Book{Langmuir2013,
  author    = {Langmuir, Eric},
  date      = {2013},
  title     = {Mountaincraft and Leadership},
  edition   = {1},
  language  = {english},
  publisher = {Scottish Sports Council},
  subtitle  = {Official Handbook of the Mountain Leader Training Boards of Great Britain and Northern Ireland},
  owner     = {mbunel},
  timestamp = {2020-07-01},
}

@Book{Langmuir1984,
  author    = {Langmuir, Eric},
  date      = {1984},
  title     = {Mountaincraft and Leadership},
  edition   = {4},
  language  = {english},
  publisher = {Mountain Training England \& Mountain Training Scotland},
  subtitle  = {A Handbook for Mountaineers and Hillwalking Leaders in the British Isles},
  owner     = {mbunel},
  timestamp = {2020-07-01},
}

@PhdThesis{Aitken1977,
  author      = {Aitken, Robert},
  date        = {1977},
  institution = {University of Aberdeen},
  title       = {Wilderness Areas in Scotland},
  owner       = {mbunel},
  timestamp   = {2020-07-01},
}

@Article{Rees2004,
  author       = {Rees, Gareth},
  date         = {2004},
  journaltitle = {Computers \& Geosciences},
  title        = {Least-cost paths in mountainous terrain},
  doi          = {10.1016/j.cageo.2003.11.001},
  language     = {english},
  number       = {3},
  volume       = {30},
  owner        = {mbunel},
  timestamp    = {2020-07-01},
}

@Article{Irmischer2017,
  author       = {Irmischer, Ian and Clarke, Keith},
  date         = {2017},
  journaltitle = {Cartography and Geographic Information Science},
  title        = {Measuring and modeling the speed of human navigation},
  owner        = {mbunel},
  timestamp    = {2020-07-01},
}

@InProceedings{Egenhofer1989,
  author     = {Egenhofer, Max},
  booktitle  = {Foundations of Data Organization and Algorithms},
  date       = {1989},
  title      = {A formal definition of binary topological relationships},
  doi        = {https://doi.org/10.1007/3-540-51295-0_148},
  editor     = {Litwin, Witold and Schek, Hans-Jörg},
  eventtitle = {International Conference on Foundations of Data Organization and Algorithms},
  language   = {englush},
  pages      = {457--472},
  publisher  = {Springer Berlin Heidelberg},
  owner      = {mbunel},
  timestamp  = {2020-07-03},
}

@TechReport{Egenhofer1991,
  author      = {Egenhofer, Max and Herring, John},
  date        = {1991},
  institution = {Department of Surveying Engineering, University of Maine},
  title       = {Categorizing binary topological relations between regions, lines and pointsin geographic databases, the 9-intersection: Formalism and its Use for Naturallanguage SpatialPredicates},
  owner       = {mbunel},
  timestamp   = {2020-07-03},
}

@Article{Egenhofer1991a,
  author       = {Egenhofer, Max and Franzosa, Robert},
  date         = {1991},
  journaltitle = {International journal ofgeographical information systems},
  title        = {Point-set topological spatial relations},
  doi          = {https://doi.org/10.1080/02693799108927841},
  language     = {english},
  number       = {2},
  pages        = {161-174},
  volume       = {5},
  owner        = {mbunel},
  timestamp    = {2020-07-03},
}

@InProceedings{Clementini1993,
  author       = {Clementini, Eliseo and di Felice, Paolino and van Oosterom, Peter},
  booktitle    = {Advances in Spatial Databases},
  date         = {1993},
  title        = {A small set of formal topological relationships suitable for end-user interaction},
  doi          = {10.1007/3-540-56869-7_16},
  editor       = {Abel, David and Ooi, Beng Chin},
  eventtitle   = {International Symposium on Spatial Databases},
  language     = {english},
  publisher    = {Springer Berlin Heidelberg},
  journaltitle = {GeoInformatica},
  owner        = {mbunel},
  timestamp    = {2020-07-03},
}

@InProceedings{Randell1992,
  author    = {Randell, David and Cui, Zhan and Cohn, Anthony},
  booktitle = {Principles of Knowledge Representation and Reasoning},
  date      = {1992},
  title     = {A Spatial Logic based on Regions and Connection.},
  owner     = {mbunel},
  timestamp = {2020-07-03},
}

@InBook{Strobl2008,
  author    = {Strobl, Christian},
  booktitle = {Encyclopedia of GIS},
  date      = {2008},
  title     = {Dimensionally Extended Ninde-Intersectuin Model (DE-9IM)},
  editor    = {Shekhar, Shashi and Xiong, Hui},
  publisher = {Springer},
  owner     = {mbunel},
  timestamp = {2020-07-03},
}

@PhdThesis{DelaLosa2000,
  author      = {De la Losa, Arnaud},
  date        = {2000},
  institution = {Université de Marne-la-Vallée},
  title       = {Modélisation de la troisième dimension dans les bases de données géographiques},
  owner       = {mbunel},
  timestamp   = {2020-07-03},
}

@Article{Pawlak1982,
  author       = {Pawlak, Zdzisław},
  date         = {1982},
  journaltitle = {International Journal of Computer and Information Sciences},
  title        = {Rough sets},
  volume       = {11},
  owner        = {mbunel},
  timestamp    = {2020-07-07},
}

@Book{Pawlak1991,
  author    = {Pawlak, Zdzisław},
  date      = {1991},
  title     = {Rough Sets : Theoricals Aspects of Reasoning about Data},
  pagetotal = {252},
  publisher = {Kluwer},
  owner     = {mbunel},
  timestamp = {2020-07-07},
}

@InBook{Bloch2013,
  author    = {Bloch, Isabelle},
  booktitle = {On Fuzziness},
  date      = {2013},
  title     = {Fuzzy Models of Spatial Relations,Application to Spatial Reasoning},
  chapter   = {8},
  editor    = {Seising, Rudolf and Trillas,Enric and Moraga, Claudio and Termini, Settimo},
  language  = {english},
  subtitle  = {A Hommage to Lotfi Zadeh},
  volume    = {1},
  owner     = {mbunel},
  timestamp = {2020-07-08},
}

@PhdThesis{Vandeloise1984,
  author      = {Vandeloise, Claude},
  date        = {1984},
  institution = {University of California},
  title       = {Description of Space in French},
  owner       = {mbunel},
  timestamp   = {2020-07-08},
}

@Book{Pumain1997,
  author    = {Pumain, Denise and Saint-Julien, Thérèse},
  date      = {1997},
  title     = {L'analyse spatiale},
  language  = {french},
  location  = {Paris},
  publisher = {Armand Colin},
  subtitle  = {Les localisations dans l'espace},
  volume    = {1},
  owner     = {mbunel},
  timestamp = {2020-07-09},
}

@Article{Dijkstra1959,
  author       = {Dijkstra, Edsger},
  date         = {1959},
  journaltitle = {Numerische Mathematik},
  title        = {A note on two problems in connexion with graphs},
  pages        = {269--271},
  volume       = {1},
  owner        = {mbunel},
  timestamp    = {2020-07-09},
}

@InProceedings{Hart1968,
  author    = {Hart, Peter and Nilsson, Nils and Bertram, Raphael},
  booktitle = {IEEE Transactions on Systems Science and Cybernetics},
  date      = {1968},
  title     = {A Formal Basis for the Heuristic Determination of Minimum Cost Paths},
  number    = {2},
  volume    = {4},
  owner     = {mbunel},
  timestamp = {2020-07-09},
}

@Article{Lagesse2016,
  author       = {Lagesse, Claire and Bonnin, Philippe and Bordin, Patricia and Douady, Stéphane},
  date         = {2016},
  journaltitle = {Flux},
  title        = {Méthodologie de modélisation et de caractérisation des réseaux spatiaux. Application au réseau viaire de Paris},
  number       = {3},
  volume       = {105},
  owner        = {mbunel},
  timestamp    = {2020-07-09},
}

@Book{Pailhous1970,
  author    = {Pailhous, Jean},
  date      = {1970},
  title     = {Représentation de l'espace urbain et cheminements : l'exemple du chaiffeur de taxi},
  location  = {Paris},
  publisher = {Presses universitaires de France},
  owner     = {mbunel},
  timestamp = {2020-07-09},
}

@Article{Durand1961,
  author       = {Durand, Jacques},
  date         = {1961},
  journaltitle = {Revue française de sociologie},
  title        = {L'attraction des nombres ronds et ses conséquences économiques},
  number       = {3},
  volume       = {2},
  owner        = {mbunel},
  timestamp    = {2020-07-09},
}

@WWW{Smith2018,
  author    = {Smith, Matthew},
  date      = {2018},
  editor    = {YouGov},
  title     = {How good is "good" ?},
  url       = {https://yougov.co.uk/topics/lifestyle/articles-reports/2018/10/02/how-good-good},
  urldate   = {2020-07-08},
  owner     = {mbunel},
  timestamp = {2020-07-10},
}

@WWW{ESRI2020,
  author    = {ESRI},
  date      = {2020},
  editor    = {ESRI},
  title     = {Créer des zones de desserte},
  url       = {https://pro.arcgis.com/fr/pro-app/tool-reference/ready-to-use/itemdesc-generate-service-areas.htm},
  urldate   = {2020-06-29},
  owner     = {mbunel},
  timestamp = {2020-07-10},
}

@InProceedings{Moulin2003,
  author       = {Moulin, Bernard and Chaker, Walid and Perron, Jimmy and Pelletier, Patrick and Edouard, Gbei and Hogan, Jimmy},
  booktitle    = {Spatial Information Theory. Foundations of Geographic Information Science},
  date         = {2003},
  title        = {MAGS Project: Multi-Agent GeoSimulation and Crowd Simulation},
  booksubtitle = {Proceedings of COSIT 2003},
  editor       = {Kuhn, Werner and Worboys, Michael and Timpf, Sabine},
  publisher    = {Springer},
  owner        = {mbunel},
  timestamp    = {2020-07-10},
}

@Manual{GDAL2020,
  author       = {{GDAL/OGR contributors}},
  date         = {2020},
  editor       = {{Open Source Geospatial Foundation}},
  title        = {{GDAL/OGR} Geospatial Data Abstraction software Library},
  organization = {Open Source Geospatial Foundation},
  url          = {https://gdal.org},
  owner        = {mbunel},
  timestamp    = {2020-10-12},
  year         = {2020},
}

@Report{Gauer2019,
  author      = {Gauer, Louis-Marie and Parant, Max},
  date        = {2019},
  institution = {ENSG, IGN},
  title       = {Géoréférencement de quadrillages de plans des pistes de stations de ski pour aider les secours en montagne},
  type        = {Rapport de projet d'intiation à la recherche},
  language    = {french},
  owner       = {mbunel},
  timestamp   = {2020-12-03},
}

@Report{Xi2020,
  author      = {Xi, Yulu},
  date        = {2020},
  institution = {ENSG, IGN},
  title       = {Plugin QGIS pour le géoréférencement de quadrillages de plans de ski dédiés aux secours en montagne,},
  type        = {Rapport de stage PPMD},
  owner       = {mbunel},
  timestamp   = {2020-12-03},
}

@Online{Google2019,
  author    = {Google},
  date      = {2019},
  title     = {EENA Emergency Location Information Technology -- Google},
  url       = {https://about.google/intl/ALL_fr/stories/location-information-emergency-technology/},
  owner     = {mbunel},
  timestamp = {2020-12-03},
}

@PhdThesis{FenChong2012,
  author      = {Fen-Chong, Julie},
  date        = {2012},
  institution = {Université Panthéon-Sorbonne~---~Paris I},
  title       = {Organisation spatio-­temporelle des mobilités révélées par la téléphonie mobile en Ile­-de­-France},
  url         = {https://tel.archives-ouvertes.fr/tel-01004704},
  owner       = {mbunel},
  timestamp   = {2020-12-03},
}

@Article{OlteanuRaimond2012,
  author       = {Olteanu-Raimond, Ana-Maria and Couronné, Thomas and Fen-Chong, Julie and Smoreda, Zbigniew},
  date         = {2012},
  journaltitle = {Revue Internationale de Géomatique},
  title        = {Le Paris des visiteurs étrangers, qu’en disent les téléphones mobiles ? Inférence des pratiques spatiales et fréquentations des sites touristiques en Île-de-France},
  doi          = {10.3166/rig.22.413-437},
  language     = {french},
  number       = {3},
  pages        = {413-437},
  volume       = {22},
  owner        = {mbunel},
  timestamp    = {2020-12-03},
}

@Report{ARCEP2019,
  author      = {ARCEP},
  date        = {2019},
  institution = {Conseil Général de l’Economie, de l’Industrie, de l’Energie et des Technologies(CGE),l’Autorité de Régulation des Communications Electroniques et des Postes (ARCEP) et l’Agence du numérique},
  title       = {Baromètre du numérique 2019},
  type        = {techreport},
  pages       = {250},
  url         = {https://www.arcep.fr/uploads/tx_gspublication/rapport-barometre-num-2019.pdf},
  owner       = {mbunel},
  timestamp   = {2020-12-03},
}

@Report{OlteanuRaimond2017,
  author      = {Olteanu-Raimond, Ana-Maria and Duchêne, Cécile and Mustière, Sébastien and {Van Damme}, Marie-Dominique and Dominguès, Catherine and Gaio, Mauro and Villanova-Oliver, Marlène and Davoine, Paule-Anick and Genoud, Philippe and Favre, Olivier},
  date        = {2017},
  institution = {Projet Choucas},
  title       = {Livrable 0.4 : Définition fil rouge},
  type        = {resreport},
  owner       = {mbunel},
  timestamp   = {2020-12-03},
}

@Online{Choucas2020,
  author    = {Choucas},
  date      = {2020},
  title     = {Projet Choucas : site Web},
  url       = {http://choucas.ign.fr},
  owner     = {mbunel},
  timestamp = {2020-12-04},
}

@Book{Bachelard1934,
  author    = {Bachelard, Gaston},
  date      = {1934},
  title     = {La formation de l’esprit scientifique.},
  edition   = {5},
  language  = {french},
  location  = {Paris},
  pagetotal = {257},
  publisher = {Vrin},
  owner     = {mbunel},
  timestamp = {2020-12-04},
}

@Article{Moncla2019,
  author       = {Moncla, Ludovic and Gaio, Mauro},
  date         = {2019},
  journaltitle = {Revue Internationale de Géomatique},
  title        = {Services Web pour l’annotation sémantique d’information spatiale à partir de corpus textuels},
  doi          = {10.3166/rig.2018.00066},
  number       = {4},
  pages        = {439--459},
  volume       = {28},
  owner        = {mbunel},
  timestamp    = {2020-12-04},
}

@InProceedings{Medad2018,
  author    = {Medad, Amine and Gaio, Mauro and Mustiere, Sébastien},
  booktitle = {{Sageo 2018}},
  date      = {2018},
  title     = {Appariement automatique de données hétérogènes: textes, traces GPS et ressources géographiques},
  url       = {https://hal-univ-pau.archives-ouvertes.fr/hal-02462063},
  address   = {Montpellier, France},
  owner     = {mbunel},
  timestamp = {2020-12-04},
  year      = {2018},
}

@InProceedings{Viry2019a,
  author    = {Viry, Matthieu and Villanova-Oliver, Marlène and Gautier, Jacques and Sreeves, Matthew and Davoine, Paule-Annick},
  booktitle = {{International Cartographic Association Conference}},
  date      = {2019},
  title     = {Improving the search for victims in mountain environments with geovisualization and competing hypotheses management},
  doi       = {10.5194/ica-proc-2-138-2019},
  owner     = {mbunel},
  timestamp = {2020-12-04},
}

@Article{VanDamme2019,
  author       = {Van Damme, Marie-Dominique and Olteanu-Raimond, Ana-Maria and Méneroux, Yann},
  date         = {2019},
  journaltitle = {International Journal of Cartography},
  title        = {Potential of crowdsourced data for integrating landmarks and routes for rescue in mountain areas},
  doi          = {10.1080/23729333.2019.1615730},
  owner        = {mbunel},
  timestamp    = {2020-12-04},
}

@InProceedings{Halilali2018,
  author    = {Halilali, Meriem and Gouarderes, Éric and Devin, Florent and Gaio, Mauro},
  booktitle = {{Sageo 2018}},
  date      = {2018},
  title     = {Plateforme logicielle pour l'intégration et la composition de services géospatiaux},
  owner     = {mbunel},
  timestamp = {2020-12-04},
}

@Book{Chandellier2016,
  author    = {Chandellier, Antoine},
  date      = {2016},
  title     = {L'épopée du secours en montagne},
  location  = {Veurey},
  publisher = {le Dauphiné Libéré},
  owner     = {mbunel},
  timestamp = {2020-12-06},
}

@Manual{GDT2020,
  author       = {{GRASS Development Team}},
  date         = {2020},
  title        = {Geographic Resources Analysis Support System (GRASS GIS) Software, Version 7.8},
  organization = {{Open Source Geospatial Foundation}},
  keywords     = {software},
  owner        = {mbunel},
  timestamp    = {2020-12-09},
}

@Article{Conrad2015,
  author       = {Conrad, Olaf and Bechtel, Benjamin and Bock, M. and Dietrich, H. and Fischer, E. and Gerlitz, L. and Wehberg, J. and Wichmann, Volker and Böhner, Jüergen},
  date         = {2015},
  journaltitle = {Geoscientific Model Development},
  title        = {System for Automated Geoscientific Analyses (SAGA) v. 2.1.4},
  doi          = {10.5194/gmd-8-1991-2015},
  number       = {7},
  volume       = {8},
  owner        = {mbunel},
  timestamp    = {2020-12-09},
}

@Manual{IGN2020,
  author    = {IGN},
  date      = {2020},
  title     = {BD TOPO 3.0 : Desciptif de contenu},
  owner     = {mbunel},
  timestamp = {2020-12-10},
}

@InBook{LeBer2006,
  author    = {{Le Ber}, Florence and Lieber, Jean and Napoli, Amedeo},
  booktitle = {Encyclopédie de l’informatique et des systèmes d’information},
  date      = {2006},
  title     = {Les systèmes à base de connaissances},
  publisher = {Vuibert},
  owner     = {mbunel},
  timestamp = {2020-12-12},
}

@Article{Fisher2000,
  author       = {Fisher,Peter},
  date         = {2000},
  journaltitle = {Fuzzy Sets and Systems},
  title        = {Sorites paradox and vague geographies},
  doi          = {10.1016/S0165-0114(99)00009-3},
  number       = {1},
  volume       = {113},
  owner        = {mbunel},
  timestamp    = {2020-12-13},
}

@Article{Bresenham1965,
  author       = {Bresenham, Jack},
  date         = {1965},
  journaltitle = {IBM Systems Journal},
  title        = {Algorithm for computer control of a digital plotter},
  doi          = {10.1147/sj.41.0025,},
  number       = {1},
  volume       = {4},
  owner        = {mbunel},
  timestamp    = {2020-12-13},
}

@Article{Fisher1991,
  author       = {Fisher, Peter},
  date         = {1991},
  journaltitle = {Photogrammetric Engineering and Remote Sensing},
  title        = {First Experiments in Viewshed Uncertainty: The accuracy of the Viewshed Area},
  number       = {57},
  owner        = {mbunel},
  timestamp    = {2020-12-13},
}

@Article{Fisher1992,
  author       = {Fisher, Peter},
  date         = {1992},
  journaltitle = {Photogrammetric Engineering and Remote Sensing},
  title        = {First Experiments in Viewshed Uncertainty: Simulating Fuzzy Viewshed},
  number       = {58},
  owner        = {mbunel},
  timestamp    = {2020-12-13},
}

@Book{Wittgenstein1953,
  author    = {Wittgenstein, Ludwig},
  date      = {1953},
  title     = {Investigations philosophiques},
  owner     = {mbunel},
  timestamp = {2020-12-13},
}

@InBook{Horn2018,
  author    = {Horn, Laurence},
  booktitle = {The Stanford Encyclopedia of Philosophy},
  date      = {2018},
  title     = {Contradiction},
  owner     = {mbunel},
  timestamp = {2020-12-13},
}

@Article{Lukasiewicz1910,
  author       = {Łukasiewicz, Jan},
  date         = {1910},
  journaltitle = {Rue Descartes},
  title        = {Sur le principe de contradiction chez Aristote},
  number       = {1},
  pages        = {9-32},
  volume       = {2},
  owner        = {mbunel},
  timestamp    = {2020-12-13},
}

@Manual{VanRossum2009,
  author    = {Van Rossum, Guido and Fred, Drake},
  date      = {2009},
  title     = {Python 3 Reference Manual},
  doi       = {10.5555/1593511},
  publisher = {CreateSpace},
  owner     = {mbunel},
  timestamp = {2020-12-14},
}

@Article{Lamy2017,
  author       = {Lamy, Jean-Baptiste},
  date         = {2017},
  journaltitle = {Artificial Intelligence In Medicine},
  title        = {Owlready : Ontology-oriented programming in Python withautomatic classification and highlevel constructs for biomedical ontologies},
  volume       = {80},
  owner        = {mbunel},
  timestamp    = {2020-12-14},
}

@Manual{Gillies2020,
  author    = {Gillies, Sean},
  date      = {2020},
  title     = {The Shapely User Manual},
  owner     = {mbunel},
  timestamp = {2020-12-14},
}

@Manual{Gillies2020a,
  author    = {Gillies, Sean},
  date      = {2020},
  title     = {The Fiona User Manual},
  owner     = {mbunel},
  timestamp = {2020-12-14},
}

@Manual{Mapbox2020,
  author    = {Mapbox},
  date      = {2020},
  title     = {The Rasterio manual},
  owner     = {mbunel},
  timestamp = {2020-12-14},
}

@Manual{IGN2020a,
  author    = {IGN},
  date      = {2020},
  title     = {BD ALTI 2.0 : Descriptif de contenu},
  owner     = {mbunel},
  timestamp = {2020-12-14},
}

@InProceedings{Vasardani2013,
  author    = {Vasardani, Maria and Timpf, Sabine and Winter, Stephan and Tomko, Martin},
  booktitle = {COSIT 2013: Spatial Information Theory},
  date      = {2013},
  title     = {From Descriptions to Depictions: A Conceptual Framework},
  owner     = {mbunel},
  timestamp = {2020-12-14},
}

@Article{Duchene2012,
  author       = {Cécile Duchêne and Anne Ruas and Christophe Cambier},
  date         = {2012},
  journaltitle = {International Journal of Geographical Information Science},
  title        = {{TheCartACommodel}: transforming cartographic features into communicating agents for cartographic generalisation},
  doi          = {10.1080/13658816.2011.639302},
  number       = {9},
  pages        = {1533--1562},
  volume       = {26},
  journal      = {International Journal of Geographical Information Science},
  month        = {sep},
  owner        = {mbunel},
  publisher    = {Informa {UK} Limited},
  timestamp    = {2020-12-14},
  year         = {2012},
}

@InProceedings{Duchene2004,
  author    = {Duchêne, Cécile},
  booktitle = {8th ICA Workshop on Generalisation and Multiple Representation},
  date      = {2004},
  title     = {The CartACom model: a generalisation model for taking relational constraints into account},
  owner     = {mbunel},
  timestamp = {2020-12-14},
}

@InProceedings{Gaffuri2008,
  author    = {Gaffuri, Julien and Duchêne, Cécile and Ruas, Anne},
  booktitle = {12th ICA Workshop on Generalisation and Multiple Representation},
  date      = {2008},
  title     = {Object-field relationships modelling in an agent-based generalisation model},
  owner     = {mbunel},
  timestamp = {2020-12-14},
}

@InProceedings{Touya2012,
  author    = {Touya, Guillaume and Balley, Sandrine and Duchêne, Cécile and Jaara, Kusay and Regnauld, Nicolas and Gould, Nicholas},
  booktitle = {15th ICA Workshop on Generalisation and Multiple Representation},
  date      = {2012},
  title     = {Towards an Ontology of Generalisation Constraints and Spatial Relations},
  owner     = {mbunel},
  timestamp = {2020-12-14},
}

@InProceedings{Jaara2012,
  author    = {Jaara, Kusay and Duchêne, Cécile and Ruas, Anne},
  booktitle = {15th ICA Workshop on Generalisation and Multiple Representation},
  date      = {2012},
  title     = {A model for preserving the consistency between topographic and thematic layers throughout data migration.},
  owner     = {mbunel},
  timestamp = {2020-12-14},
}

@PhdThesis{Trinh2012,
  author      = {Trinh, Thanh-Hai},
  date        = {2012},
  institution = {Université de Brest},
  title       = {A constraint-based approach to modelling spatial semantics of vitual environments},
  owner       = {mbunel},
  timestamp   = {2020-12-14},
}

@Comment{jabref-meta: databaseType:biblatex;}

@Comment{jabref-meta: fileDirectoryLatex-mbunel-Kaiju:/home/mbunel/Documents/Thèse/Manuscrit;}

@Comment{jabref-meta: grouping:
0 AllEntriesGroup:;
1 StaticGroup:Étiquettes\;2\;0\;\;\;\;;
2 StaticGroup:[mattia:]\;2\;1\;\;\;\;;
2 StaticGroup:mattia:1\;2\;1\;\;\;\;;
1 KeywordGroup:Logique floue\;0\;keywords\;logique floue\;0\;0\;0\;\;\;Ensemble des références liées à la logique floue (L. 3.1.1)\;;
2 KeywordGroup:Implémentation objets flous\;0\;keywords\;Implémentation\;0\;0\;1\;\;\;\;;
1 StaticGroup:Agrégation d'objets flous et modélisation de la confiance\;2\;0\;\;\;Références sur la modélisation de la confience et l'agrégation d'objets flous (L. 3.3.1)\;;
2 KeywordGroup:Agrégation d'objets flous\;0\;keywords\;Agrégation objets flous\;0\;0\;1\;\;\;Références sur les méthodes d'agrégation d'objets flous\;;
2 KeywordGroup:Modélisation de la confiance\;0\;keywords\;Modélisation de la confiance\;0\;0\;1\;\;\;Références sur la modélisation de la confiance\;;
1 StaticGroup:Prédicats et objets de référence\;2\;0\;\;\;Contient les références sur les prédicats (L. 3.2.1)\;;
2 KeywordGroup:Prédicats\;0\;keywords\;Prédicats\;0\;0\;1\;\;\;Références sur les prédicats\;;
2 KeywordGroup:Objets de référence\;0\;keywords\;Objets de référence\;0\;0\;0\;\;\;Références sur les objets de référence\;;
1 StaticGroup:Typologies imperfection\;0\;1\;\;\;\;;
1 KeywordGroup:Méthodologie\;0\;keywords\;méthodologie\;0\;0\;1\;\;\;Ouvrages méthodologiques\;;
1 KeywordGroup:Mes publication\;0\;author\;Bunel, Mattia\;0\;0\;0\;\;\;Groupe qui contient les réfécences de mes publications\;;
1 KeywordGroup:Uniquement en bibliothèque\;0\;keywords\;biblioUniq\;0\;0\;1\;\;\;\;;
1 KeywordGroup:MetaRef\;0\;keywords\;_noCite\;1\;0\;1\;\;\;Références englobant les inbooks, à ne pas citer dans le corps\;;
1 KeywordGroup:Documentation\;2\;keywords\;documentation\;0\;0\;1\;\;\;Documentation pour softwares, bibliothèques, frameworks, etc.\;;
1 StaticGroup:Etats de l'art\;2\;0\;0xff0000ff\;\;\;;
2 StaticGroup:Modéles vagues\;0\;1\;0xff0000ff\;\;Etat de l'art sur les modèles vagues\;;
2 StaticGroup:Définition en extension\;2\;1\;\;\;\;;
3 StaticGroup:Pixels\;0\;1\;\;\;\;;
3 StaticGroup:Attributs\;0\;1\;\;\;\;;
2 StaticGroup:Définition en intension\;0\;1\;\;\;\;;
2 StaticGroup:Modèles incertains\;0\;1\;\;\;\;;
1 StaticGroup:Cecile\;0\;1\;\;\;\;;
1 StaticGroup:Presse\;0\;1\;0x8a8a8aff\;\;Articles de presse\;;
1 KeywordGroup:Wikipédia\;0\;author\;{Contributeurs Wikipédia}\;0\;0\;1\;0x8a8a8aff\;\;Pages wikipédia\;;
1 StaticGroup:Législation\;0\;1\;0x664db3ff\;\;\;;
}
